<!DOCTYPE html>
<meta charset="utf-8" />
<!-- version 1 -->
<title>[Gen 8] OU replay: PPO_RLPlayer 1 vs. MaxDamagePlayer 1</title>
<style>
html,body {font-family:Verdana, sans-serif;font-size:10pt;margin:0;padding:0;}body{padding:12px 0;} .battle-log {font-family:Verdana, sans-serif;font-size:10pt;} .battle-log-inline {border:1px solid #AAAAAA;background:#EEF2F5;color:black;max-width:640px;margin:0 auto 80px;padding-bottom:5px;} .battle-log .inner {padding:4px 8px 0px 8px;} .battle-log .inner-preempt {padding:0 8px 4px 8px;} .battle-log .inner-after {margin-top:0.5em;} .battle-log h2 {margin:0.5em -8px;padding:4px 8px;border:1px solid #AAAAAA;background:#E0E7EA;border-left:0;border-right:0;font-family:Verdana, sans-serif;font-size:13pt;} .battle-log .chat {vertical-align:middle;padding:3px 0 3px 0;font-size:8pt;} .battle-log .chat strong {color:#40576A;} .battle-log .chat em {padding:1px 4px 1px 3px;color:#000000;font-style:normal;} .chat.mine {background:rgba(0,0,0,0.05);margin-left:-8px;margin-right:-8px;padding-left:8px;padding-right:8px;} .spoiler {color:#BBBBBB;background:#BBBBBB;padding:0px 3px;} .spoiler:hover, .spoiler:active, .spoiler-shown {color:#000000;background:#E2E2E2;padding:0px 3px;} .spoiler a {color:#BBBBBB;} .spoiler:hover a, .spoiler:active a, .spoiler-shown a {color:#2288CC;} .chat code, .chat .spoiler:hover code, .chat .spoiler:active code, .chat .spoiler-shown code {border:1px solid #C0C0C0;background:#EEEEEE;color:black;padding:0 2px;} .chat .spoiler code {border:1px solid #CCCCCC;background:#CCCCCC;color:#CCCCCC;} .battle-log .rated {padding:3px 4px;} .battle-log .rated strong {color:white;background:#89A;padding:1px 4px;border-radius:4px;} .spacer {margin-top:0.5em;} .message-announce {background:#6688AA;color:white;padding:1px 4px 2px;} .message-announce a, .broadcast-green a, .broadcast-blue a, .broadcast-red a {color:#DDEEFF;} .broadcast-green {background-color:#559955;color:white;padding:2px 4px;} .broadcast-blue {background-color:#6688AA;color:white;padding:2px 4px;} .infobox {border:1px solid #6688AA;padding:2px 4px;} .infobox-limited {max-height:200px;overflow:auto;overflow-x:hidden;} .broadcast-red {background-color:#AA5544;color:white;padding:2px 4px;} .message-learn-canlearn {font-weight:bold;color:#228822;text-decoration:underline;} .message-learn-cannotlearn {font-weight:bold;color:#CC2222;text-decoration:underline;} .message-effect-weak {font-weight:bold;color:#CC2222;} .message-effect-resist {font-weight:bold;color:#6688AA;} .message-effect-immune {font-weight:bold;color:#666666;} .message-learn-list {margin-top:0;margin-bottom:0;} .message-throttle-notice, .message-error {color:#992222;} .message-overflow, .chat small.message-overflow {font-size:0pt;} .message-overflow::before {font-size:9pt;content:'...';} .subtle {color:#3A4A66;}
</style>
<div class="wrapper replay-wrapper" style="max-width:1180px;margin:0 auto">
<input type="hidden" name="replayid" value="unregisteredserver-gen8ou-15657" />
<div class="battle"></div><div class="battle-log"></div><div class="replay-controls"></div><div class="replay-controls-2"></div>
<h1 style="font-weight:normal;text-align:center"><strong>[Gen 8] OU</strong><br /><a href="http://pokemonshowdown.com/users/pporlplayer1" class="subtle" target="_blank">PPO_RLPlayer 1</a> vs. <a href="http://pokemonshowdown.com/users/maxdamageplayer1" class="subtle" target="_blank">MaxDamagePlayer 1</a></h1>
<script type="text/plain" class="battle-log-data">|j|☆PPO_RLPlayer 1
|j|☆MaxDamagePlayer 1
|t:|1712692323
|gametype|singles
|player|p1|PPO_RLPlayer 1|101|
|player|p2|MaxDamagePlayer 1|170|
|teamsize|p1|6
|teamsize|p2|6
|gen|8
|tier|[Gen 8] OU
|rule|Sleep Clause Mod: Limit one foe put to sleep
|rule|Species Clause: Limit one of each Pokémon
|rule|OHKO Clause: OHKO moves are banned
|rule|Evasion Items Clause: Evasion items are banned
|rule|Evasion Moves Clause: Evasion moves are banned
|rule|Endless Battle Clause: Forcing endless battles is banned
|rule|HP Percentage Mod: HP is shown in percentages
|rule|Dynamax Clause: You cannot dynamax
|clearpoke
|poke|p1|Pikachu-Original, M|
|poke|p1|Charizard, F|
|poke|p1|Blastoise, F|
|poke|p1|Venusaur, F|
|poke|p1|Sirfetch’d, F|
|poke|p1|Tauros, M|
|poke|p2|Eevee, M|
|poke|p2|Vaporeon, F|
|poke|p2|Sylveon, F|
|poke|p2|Jolteon, F|
|poke|p2|Leafeon, M|
|poke|p2|Umbreon, M|
|teampreview
|
|t:|1712692323
|start
|switch|p1a: Venusaur|Venusaur, F|100\/100
|switch|p2a: Sylveon|Sylveon, F|100\/100
|turn|1
|
|t:|1712692323
|move|p1a: Venusaur|Sludge Bomb|p2a: Sylveon
|-supereffective|p2a: Sylveon
|-damage|p2a: Sylveon|40\/100
|move|p2a: Sylveon|Hyper Voice|p1a: Venusaur
|-resisted|p1a: Venusaur
|-crit|p1a: Venusaur
|-damage|p1a: Venusaur|50\/100
|
|-heal|p1a: Venusaur|56\/100|[from] item: Black Sludge
|upkeep
|turn|2
|
|t:|1712692323
|move|p1a: Venusaur|Sludge Bomb|p2a: Sylveon
|-supereffective|p2a: Sylveon
|-damage|p2a: Sylveon|0 fnt
|faint|p2a: Sylveon
|
|-heal|p1a: Venusaur|62\/100|[from] item: Black Sludge
|upkeep
|
|t:|1712692323
|switch|p2a: Jolteon|Jolteon, F|100\/100
|turn|3
|
|t:|1712692323
|move|p2a: Jolteon|Thunderbolt|p1a: Venusaur
|-resisted|p1a: Venusaur
|-damage|p1a: Venusaur|39\/100
|-status|p1a: Venusaur|par
|move|p1a: Venusaur|Giga Drain|p2a: Jolteon
|-damage|p2a: Jolteon|68\/100
|-heal|p1a: Venusaur|54\/100 par|[from] drain|[of] p2a: Jolteon
|
|-heal|p1a: Venusaur|60\/100 par|[from] item: Black Sludge
|upkeep
|turn|4
|
|t:|1712692323
|move|p2a: Jolteon|Thunderbolt|p1a: Venusaur
|-resisted|p1a: Venusaur
|-damage|p1a: Venusaur|38\/100 par
|move|p1a: Venusaur|Giga Drain|p2a: Jolteon
|-damage|p2a: Jolteon|36\/100
|-heal|p1a: Venusaur|53\/100 par|[from] drain|[of] p2a: Jolteon
|
|-heal|p1a: Venusaur|59\/100 par|[from] item: Black Sludge
|upkeep
|turn|5
|
|t:|1712692323
|move|p2a: Jolteon|Thunderbolt|p1a: Venusaur
|-resisted|p1a: Venusaur
|-damage|p1a: Venusaur|34\/100 par
|cant|p1a: Venusaur|par
|
|-heal|p1a: Venusaur|40\/100 par|[from] item: Black Sludge
|upkeep
|turn|6
|
|t:|1712692323
|move|p2a: Jolteon|Thunderbolt|p1a: Venusaur
|-resisted|p1a: Venusaur
|-damage|p1a: Venusaur|16\/100 par
|move|p1a: Venusaur|Giga Drain|p2a: Jolteon
|-damage|p2a: Jolteon|2\/100
|-heal|p1a: Venusaur|31\/100 par|[from] drain|[of] p2a: Jolteon
|
|-heal|p1a: Venusaur|37\/100 par|[from] item: Black Sludge
|upkeep
|turn|7
|
|t:|1712692323
|move|p2a: Jolteon|Thunderbolt|p1a: Venusaur
|-resisted|p1a: Venusaur
|-damage|p1a: Venusaur|13\/100 par
|cant|p1a: Venusaur|par
|
|-heal|p1a: Venusaur|19\/100 par|[from] item: Black Sludge
|upkeep
|turn|8
|
|t:|1712692323
|move|p2a: Jolteon|Thunderbolt|p1a: Venusaur
|-resisted|p1a: Venusaur
|-damage|p1a: Venusaur|0 fnt
|faint|p1a: Venusaur
|
|upkeep
|
|t:|1712692323
|switch|p1a: Tauros|Tauros, M|100\/100
|-ability|p1a: Tauros|Intimidate|boost
|-unboost|p2a: Jolteon|atk|1
|turn|9
|
|t:|1712692323
|move|p2a: Jolteon|Thunderbolt|p1a: Tauros
|-damage|p1a: Tauros|53\/100
|move|p1a: Tauros|Double-Edge|p2a: Jolteon
|-damage|p2a: Jolteon|0 fnt
|faint|p2a: Jolteon
|-damage|p1a: Tauros|52\/100|[from] Recoil
|
|upkeep
|
|t:|1712692323
|switch|p2a: Leafeon|Leafeon, M|100\/100
|turn|10
|
|t:|1712692323
|move|p1a: Tauros|Double-Edge|p2a: Leafeon
|-damage|p2a: Leafeon|47\/100
|-damage|p1a: Tauros|36\/100|[from] Recoil
|move|p2a: Leafeon|Leaf Blade|p1a: Tauros
|-damage|p1a: Tauros|0 fnt
|faint|p1a: Tauros
|-damage|p2a: Leafeon|37\/100|[from] item: Life Orb
|
|upkeep
|
|t:|1712692323
|switch|p1a: Charizard|Charizard, F|100\/100
|turn|11
|
|t:|1712692323
|move|p1a: Charizard|Flamethrower|p2a: Leafeon
|-supereffective|p2a: Leafeon
|-damage|p2a: Leafeon|0 fnt
|faint|p2a: Leafeon
|-damage|p1a: Charizard|91\/100|[from] item: Life Orb
|
|upkeep
|
|t:|1712692323
|switch|p2a: Eevee|Eevee, M|100\/100
|turn|12
|
|t:|1712692323
|move|p1a: Charizard|Flamethrower|p2a: Eevee
|-damage|p2a: Eevee|48\/100
|-damage|p1a: Charizard|81\/100|[from] item: Life Orb
|move|p2a: Eevee|Facade|p1a: Charizard
|-damage|p1a: Charizard|41\/100
|
|upkeep
|turn|13
|
|t:|1712692323
|move|p1a: Charizard|Flamethrower|p2a: Eevee
|-damage|p2a: Eevee|0 fnt
|faint|p2a: Eevee
|-damage|p1a: Charizard|31\/100|[from] item: Life Orb
|
|upkeep
|
|t:|1712692323
|switch|p2a: Umbreon|Umbreon, M|100\/100
|turn|14
|
|t:|1712692323
|move|p1a: Charizard|Flamethrower|p2a: Umbreon
|-damage|p2a: Umbreon|74\/100
|-damage|p1a: Charizard|22\/100|[from] item: Life Orb
|move|p2a: Umbreon|Foul Play|p1a: Charizard
|-damage|p1a: Charizard|0 fnt
|faint|p1a: Charizard
|
|upkeep
|
|t:|1712692323
|switch|p1a: Sirfetch’d|Sirfetch’d, F|100\/100
|turn|15
|
|t:|1712692323
|move|p1a: Sirfetch’d|Close Combat|p2a: Umbreon
|-supereffective|p2a: Umbreon
|-damage|p2a: Umbreon|0 fnt
|-unboost|p1a: Sirfetch’d|def|1
|-unboost|p1a: Sirfetch’d|spd|1
|faint|p2a: Umbreon
|
|upkeep
|
|t:|1712692323
|switch|p2a: Vaporeon|Vaporeon, F|100\/100
|turn|16
|
|t:|1712692323
|move|p2a: Vaporeon|Scald|p1a: Sirfetch’d
|-damage|p1a: Sirfetch’d|42\/100
|move|p1a: Sirfetch’d|Close Combat|p2a: Vaporeon
|-damage|p2a: Vaporeon|49\/100
|-unboost|p1a: Sirfetch’d|def|1
|-unboost|p1a: Sirfetch’d|spd|1
|
|-heal|p2a: Vaporeon|55\/100|[from] item: Leftovers
|upkeep
|turn|17
|
|t:|1712692323
|move|p2a: Vaporeon|Scald|p1a: Sirfetch’d
|-damage|p1a: Sirfetch’d|0 fnt
|faint|p1a: Sirfetch’d
|
|-heal|p2a: Vaporeon|62\/100|[from] item: Leftovers
|upkeep
|
|t:|1712692323
|switch|p1a: Blastoise|Blastoise, F|100\/100
|turn|18
|
|t:|1712692323
|move|p1a: Blastoise|Scald|p2a: Vaporeon
|-resisted|p2a: Vaporeon
|-damage|p2a: Vaporeon|49\/100
|move|p2a: Vaporeon|Scald|p1a: Blastoise
|-resisted|p1a: Blastoise
|-damage|p1a: Blastoise|85\/100
|
|-heal|p2a: Vaporeon|56\/100|[from] item: Leftovers
|upkeep
|turn|19
|
|t:|1712692323
|move|p1a: Blastoise|Scald|p2a: Vaporeon
|-resisted|p2a: Vaporeon
|-damage|p2a: Vaporeon|42\/100
|-status|p2a: Vaporeon|brn
|move|p2a: Vaporeon|Scald|p1a: Blastoise
|-resisted|p1a: Blastoise
|-damage|p1a: Blastoise|69\/100
|
|-heal|p2a: Vaporeon|48\/100 brn|[from] item: Leftovers
|-damage|p2a: Vaporeon|42\/100 brn|[from] brn
|upkeep
|turn|20
|
|t:|1712692323
|move|p1a: Blastoise|Scald|p2a: Vaporeon
|-resisted|p2a: Vaporeon
|-damage|p2a: Vaporeon|27\/100 brn
|move|p2a: Vaporeon|Scald|p1a: Blastoise
|-resisted|p1a: Blastoise
|-crit|p1a: Blastoise
|-damage|p1a: Blastoise|44\/100
|
|-heal|p2a: Vaporeon|34\/100 brn|[from] item: Leftovers
|-damage|p2a: Vaporeon|27\/100 brn|[from] brn
|upkeep
|turn|21
|
|t:|1712692323
|move|p1a: Blastoise|Scald|p2a: Vaporeon
|-resisted|p2a: Vaporeon
|-damage|p2a: Vaporeon|14\/100 brn
|move|p2a: Vaporeon|Scald|p1a: Blastoise
|-resisted|p1a: Blastoise
|-damage|p1a: Blastoise|29\/100
|
|-heal|p2a: Vaporeon|20\/100 brn|[from] item: Leftovers
|-damage|p2a: Vaporeon|14\/100 brn|[from] brn
|upkeep
|turn|22
|
|t:|1712692323
|move|p1a: Blastoise|Scald|p2a: Vaporeon
|-resisted|p2a: Vaporeon
|-damage|p2a: Vaporeon|0 fnt
|faint|p2a: Vaporeon
|
|win|PPO_RLPlayer 1

|j| yuymf</script>
</div>
<div class="battle-log battle-log-inline"><div class="inner"><div class="battle-options"><div style="padding-top: 3px; padding-right: 3px; text-align: right"><button class="icon button" name="openBattleOptions" title="Options">Battle Options</button></div></div><div class="inner message-log"><div class="chat"><small>☆PPO_RLPlayer 1 and ☆MaxDamagePlayer 1 joined</small></div><div class=""><small>Format:</small> <br><strong>[Gen 8] OU</strong></div><div class=""><small><em>Sleep Clause Mod:</em> Limit one foe put to sleep</small></div><div class=""><small><em>Species Clause:</em> Limit one of each Pokémon</small></div><div class=""><small><em>OHKO Clause:</em> OHKO moves are banned</small></div><div class=""><small><em>Evasion Items Clause:</em> Evasion items are banned</small></div><div class=""><small><em>Evasion Moves Clause:</em> Evasion moves are banned</small></div><div class=""><small><em>Endless Battle Clause:</em> Forcing endless battles is banned</small></div><div class=""><small><em>HP Percentage Mod:</em> HP is shown in percentages</small></div><div class=""><small><em>Dynamax Clause:</em> You cannot dynamax</small></div><div class="chat battle-history"><strong>PPO_RLPlayer 1's team:</strong> <em style="color:#445566;display:block;">Pikachu-Original / Charizard / Blastoise / Venusaur / Sirfetch’d / Tauros</em></div><div class="chat battle-history"><strong>MaxDamagePlayer 1's team:</strong> <em style="color:#445566;display:block;">Eevee / Vaporeon / Sylveon / Jolteon / Leafeon / Umbreon</em></div><div class="spacer battle-history"><br></div><div class="battle-history">Battle started between PPO_RLPlayer 1 and MaxDamagePlayer 1!<br></div><div class="spacer battle-history"><br></div><div class="battle-history">Go! <strong>Venusaur</strong>!<br></div><div class="spacer battle-history"><br></div><div class="battle-history">MaxDamagePlayer 1 sent out <strong>Sylveon</strong>!<br></div><div class="spacer battle-history"><br></div><h2 class="battle-history">Turn 1</h2><div class="spacer battle-history"><br></div><div class="battle-history">Venusaur used <strong>Sludge Bomb</strong>!<br></div><div class="battle-history"><small>It's super effective!</small><br></div><div class="battle-history"><small>(The opposing Sylveon lost 60% of its health!)</small><br></div><div class="spacer battle-history"><br></div><div class="battle-history">The opposing Sylveon used <strong>Hyper Voice</strong>!<br></div><div class="battle-history"><small>It's not very effective...</small><br></div><div class="battle-history"><small>A critical hit!</small><br></div><div class="battle-history"><small>(Venusaur lost 50% of its health!)</small><br></div><div class="spacer battle-history"><br></div><div class="battle-history"><small>Venusaur restored a little HP using its Black Sludge!</small><br></div><div class="spacer battle-history"><br></div><h2 class="battle-history">Turn 2</h2><div class="spacer battle-history"><br></div><div class="battle-history">Venusaur used <strong>Sludge Bomb</strong>!<br></div><div class="battle-history"><small>It's super effective!</small><br></div><div class="battle-history"><small>(The opposing Sylveon lost 40% of its health!)</small><br></div><div class="spacer battle-history"><br></div><div class="battle-history">The opposing Sylveon fainted!<br></div><div class="spacer battle-history"><br></div><div class="battle-history"><small>Venusaur restored a little HP using its Black Sludge!</small><br></div><div class="spacer battle-history"><br></div><div class="battle-history">MaxDamagePlayer 1 sent out <strong>Jolteon</strong>!<br></div><div class="spacer battle-history"><br></div><h2 class="battle-history">Turn 3</h2><div class="spacer battle-history"><br></div><div class="battle-history">The opposing Jolteon used <strong>Thunderbolt</strong>!<br></div><div class="battle-history"><small>It's not very effective...</small><br></div><div class="battle-history"><small>(Venusaur lost 23% of its health!)</small><br></div><div class="battle-history"><small>Venusaur is paralyzed! It may be unable to move!</small><br></div><div class="spacer battle-history"><br></div><div class="battle-history">Venusaur used <strong>Giga Drain</strong>!<br></div><div class="battle-history"><small>(The opposing Jolteon lost 32% of its health!)</small><br></div><div class="battle-history"><small>The opposing Jolteon had its energy drained!</small><br></div><div class="spacer battle-history"><br></div><div class="battle-history"><small>Venusaur restored a little HP using its Black Sludge!</small><br></div><div class="spacer battle-history"><br></div><h2 class="battle-history">Turn 4</h2><div class="spacer battle-history"><br></div><div class="battle-history">The opposing Jolteon used <strong>Thunderbolt</strong>!<br></div><div class="battle-history"><small>It's not very effective...</small><br></div><div class="battle-history"><small>(Venusaur lost 22% of its health!)</small><br></div><div class="spacer battle-history"><br></div><div class="battle-history">Venusaur used <strong>Giga Drain</strong>!<br></div><div class="battle-history"><small>(The opposing Jolteon lost 32% of its health!)</small><br></div><div class="battle-history"><small>The opposing Jolteon had its energy drained!</small><br></div><div class="spacer battle-history"><br></div><div class="battle-history"><small>Venusaur restored a little HP using its Black Sludge!</small><br></div><div class="spacer battle-history"><br></div><h2 class="battle-history">Turn 5</h2><div class="spacer battle-history"><br></div><div class="battle-history">The opposing Jolteon used <strong>Thunderbolt</strong>!<br></div><div class="battle-history"><small>It's not very effective...</small><br></div><div class="battle-history"><small>(Venusaur lost 25% of its health!)</small><br></div><div class="spacer battle-history"><br></div><div class="battle-history">Venusaur is paralyzed! It can't move!<br></div><div class="spacer battle-history"><br></div><div class="battle-history"><small>Venusaur restored a little HP using its Black Sludge!</small><br></div><div class="spacer battle-history"><br></div><h2 class="battle-history">Turn 6</h2><div class="spacer battle-history"><br></div><div class="battle-history">The opposing Jolteon used <strong>Thunderbolt</strong>!<br></div><div class="battle-history"><small>It's not very effective...</small><br></div><div class="battle-history"><small>(Venusaur lost 24% of its health!)</small><br></div><div class="spacer battle-history"><br></div><div class="battle-history">Venusaur used <strong>Giga Drain</strong>!<br></div><div class="battle-history"><small>(The opposing Jolteon lost 34% of its health!)</small><br></div><div class="battle-history"><small>The opposing Jolteon had its energy drained!</small><br></div><div class="spacer battle-history"><br></div><div class="battle-history"><small>Venusaur restored a little HP using its Black Sludge!</small><br></div><div class="spacer battle-history"><br></div><h2 class="battle-history">Turn 7</h2><div class="spacer battle-history"><br></div><div class="battle-history">The opposing Jolteon used <strong>Thunderbolt</strong>!<br></div><div class="battle-history"><small>It's not very effective...</small><br></div><div class="battle-history"><small>(Venusaur lost 24% of its health!)</small><br></div><div class="spacer battle-history"><br></div><div class="battle-history">Venusaur is paralyzed! It can't move!<br></div><div class="spacer battle-history"><br></div><div class="battle-history"><small>Venusaur restored a little HP using its Black Sludge!</small><br></div><div class="spacer battle-history"><br></div><h2 class="battle-history">Turn 8</h2><div class="spacer battle-history"><br></div><div class="battle-history">The opposing Jolteon used <strong>Thunderbolt</strong>!<br></div><div class="battle-history"><small>It's not very effective...</small><br></div><div class="battle-history"><small>(Venusaur lost 19% of its health!)</small><br></div><div class="spacer battle-history"><br></div><div class="battle-history">Venusaur fainted!<br></div><div class="spacer battle-history"><br></div><div class="battle-history">Go! <strong>Tauros</strong>!<br></div><div class="battle-history">[Tauros's Intimidate]<br></div><div class="battle-history"><small>The opposing Jolteon's Attack fell!</small><br></div><div class="spacer battle-history"><br></div><h2 class="battle-history">Turn 9</h2><div class="spacer battle-history"><br></div><div class="battle-history">The opposing Jolteon used <strong>Thunderbolt</strong>!<br></div><div class="battle-history"><small>(Tauros lost 47% of its health!)</small><br></div><div class="spacer battle-history"><br></div><div class="battle-history">Tauros used <strong>Double-Edge</strong>!<br></div><div class="battle-history"><small>(The opposing Jolteon lost 2% of its health!)</small><br></div><div class="spacer battle-history"><br></div><div class="battle-history">The opposing Jolteon fainted!<br></div><div class="battle-history"><small>Tauros was damaged by the recoil!</small><br></div><div class="spacer battle-history"><br></div><div class="battle-history">MaxDamagePlayer 1 sent out <strong>Leafeon</strong>!<br></div><div class="spacer battle-history"><br></div><h2 class="battle-history">Turn 10</h2><div class="spacer battle-history"><br></div><div class="battle-history">Tauros used <strong>Double-Edge</strong>!<br></div><div class="battle-history"><small>(The opposing Leafeon lost 53% of its health!)</small><br></div><div class="battle-history"><small>Tauros was damaged by the recoil!</small><br></div><div class="spacer battle-history"><br></div><div class="battle-history">The opposing Leafeon used <strong>Leaf Blade</strong>!<br></div><div class="battle-history"><small>(Tauros lost 36% of its health!)</small><br></div><div class="spacer battle-history"><br></div><div class="battle-history">Tauros fainted!<br></div><div class="battle-history"><small>The opposing Leafeon lost some of its HP!</small><br></div><div class="spacer battle-history"><br></div><div class="battle-history">Go! <strong>Charizard</strong>!<br></div><div class="spacer battle-history"><br></div><h2 class="battle-history">Turn 11</h2><div class="spacer battle-history"><br></div><div class="battle-history">Charizard used <strong>Flamethrower</strong>!<br></div><div class="battle-history"><small>It's super effective!</small><br></div><div class="battle-history"><small>(The opposing Leafeon lost 37% of its health!)</small><br></div><div class="spacer battle-history"><br></div><div class="battle-history">The opposing Leafeon fainted!<br></div><div class="battle-history"><small>Charizard lost some of its HP!</small><br></div><div class="spacer battle-history"><br></div><div class="battle-history">MaxDamagePlayer 1 sent out <strong>Eevee</strong>!<br></div><div class="spacer battle-history"><br></div><h2 class="battle-history">Turn 12</h2><div class="spacer battle-history"><br></div><div class="battle-history">Charizard used <strong>Flamethrower</strong>!<br></div><div class="battle-history"><small>(The opposing Eevee lost 52% of its health!)</small><br></div><div class="battle-history"><small>Charizard lost some of its HP!</small><br></div><div class="spacer battle-history"><br></div><div class="battle-history">The opposing Eevee used <strong>Facade</strong>!<br></div><div class="battle-history"><small>(Charizard lost 40% of its health!)</small><br></div><div class="spacer battle-history"><br></div><h2 class="battle-history">Turn 13</h2><div class="spacer battle-history"><br></div><div class="battle-history">Charizard used <strong>Flamethrower</strong>!<br></div><div class="battle-history"><small>(The opposing Eevee lost 48% of its health!)</small><br></div><div class="spacer battle-history"><br></div><div class="battle-history">The opposing Eevee fainted!<br></div><div class="battle-history"><small>Charizard lost some of its HP!</small><br></div><div class="spacer battle-history"><br></div><div class="battle-history">MaxDamagePlayer 1 sent out <strong>Umbreon</strong>!<br></div><div class="spacer battle-history"><br></div><h2 class="battle-history">Turn 14</h2><div class="spacer battle-history"><br></div><div class="battle-history">Charizard used <strong>Flamethrower</strong>!<br></div><div class="battle-history"><small>(The opposing Umbreon lost 26% of its health!)</small><br></div><div class="battle-history"><small>Charizard lost some of its HP!</small><br></div><div class="spacer battle-history"><br></div><div class="battle-history">The opposing Umbreon used <strong>Foul Play</strong>!<br></div><div class="battle-history"><small>(Charizard lost 22% of its health!)</small><br></div><div class="spacer battle-history"><br></div><div class="battle-history">Charizard fainted!<br></div><div class="spacer battle-history"><br></div><div class="battle-history">Go! <strong>Sirfetch’d</strong>!<br></div><div class="spacer battle-history"><br></div><h2 class="battle-history">Turn 15</h2><div class="spacer battle-history"><br></div><div class="battle-history">Sirfetch’d used <strong>Close Combat</strong>!<br></div><div class="battle-history"><small>It's super effective!</small><br></div><div class="battle-history"><small>(The opposing Umbreon lost 74% of its health!)</small><br></div><div class="battle-history"><small>Sirfetch’d's Defense fell!</small><br></div><div class="battle-history"><small>Sirfetch’d's Sp. Def fell!</small><br></div><div class="spacer battle-history"><br></div><div class="battle-history">The opposing Umbreon fainted!<br></div><div class="spacer battle-history"><br></div><div class="battle-history">MaxDamagePlayer 1 sent out <strong>Vaporeon</strong>!<br></div><div class="spacer battle-history"><br></div><h2 class="battle-history">Turn 16</h2><div class="spacer battle-history"><br></div><div class="battle-history">The opposing Vaporeon used <strong>Scald</strong>!<br></div><div class="battle-history"><small>(Sirfetch’d lost 58% of its health!)</small><br></div><div class="spacer battle-history"><br></div><div class="battle-history">Sirfetch’d used <strong>Close Combat</strong>!<br></div><div class="battle-history"><small>(The opposing Vaporeon lost 51% of its health!)</small><br></div><div class="battle-history"><small>Sirfetch’d's Defense fell!</small><br></div><div class="battle-history"><small>Sirfetch’d's Sp. Def fell!</small><br></div><div class="spacer battle-history"><br></div><div class="battle-history"><small>The opposing Vaporeon restored a little HP using its Leftovers!</small><br></div><div class="spacer battle-history"><br></div><h2 class="battle-history">Turn 17</h2><div class="spacer battle-history"><br></div><div class="battle-history">The opposing Vaporeon used <strong>Scald</strong>!<br></div><div class="battle-history"><small>(Sirfetch’d lost 42% of its health!)</small><br></div><div class="spacer battle-history"><br></div><div class="battle-history">Sirfetch’d fainted!<br></div><div class="spacer battle-history"><br></div><div class="battle-history"><small>The opposing Vaporeon restored a little HP using its Leftovers!</small><br></div><div class="spacer battle-history"><br></div><div class="battle-history">Go! <strong>Blastoise</strong>!<br></div><div class="spacer battle-history"><br></div><h2 class="battle-history">Turn 18</h2><div class="spacer battle-history"><br></div><div class="battle-history">Blastoise used <strong>Scald</strong>!<br></div><div class="battle-history"><small>It's not very effective...</small><br></div><div class="battle-history"><small>(The opposing Vaporeon lost 13% of its health!)</small><br></div><div class="spacer battle-history"><br></div><div class="battle-history">The opposing Vaporeon used <strong>Scald</strong>!<br></div><div class="battle-history"><small>It's not very effective...</small><br></div><div class="battle-history"><small>(Blastoise lost 15% of its health!)</small><br></div><div class="spacer battle-history"><br></div><div class="battle-history"><small>The opposing Vaporeon restored a little HP using its Leftovers!</small><br></div><div class="spacer battle-history"><br></div><h2 class="battle-history">Turn 19</h2><div class="spacer battle-history"><br></div><div class="battle-history">Blastoise used <strong>Scald</strong>!<br></div><div class="battle-history"><small>It's not very effective...</small><br></div><div class="battle-history"><small>(The opposing Vaporeon lost 14% of its health!)</small><br></div><div class="battle-history"><small>The opposing Vaporeon was burned!</small><br></div><div class="spacer battle-history"><br></div><div class="battle-history">The opposing Vaporeon used <strong>Scald</strong>!<br></div><div class="battle-history"><small>It's not very effective...</small><br></div><div class="battle-history"><small>(Blastoise lost 16% of its health!)</small><br></div><div class="spacer battle-history"><br></div><div class="battle-history"><small>The opposing Vaporeon restored a little HP using its Leftovers!</small><br></div><div class="battle-history"><small>The opposing Vaporeon was hurt by its burn!</small><br></div><div class="spacer battle-history"><br></div><h2 class="battle-history">Turn 20</h2><div class="spacer battle-history"><br></div><div class="battle-history">Blastoise used <strong>Scald</strong>!<br></div><div class="battle-history"><small>It's not very effective...</small><br></div><div class="battle-history"><small>(The opposing Vaporeon lost 15% of its health!)</small><br></div><div class="spacer battle-history"><br></div><div class="battle-history">The opposing Vaporeon used <strong>Scald</strong>!<br></div><div class="battle-history"><small>It's not very effective...</small><br></div><div class="battle-history"><small>A critical hit!</small><br></div><div class="battle-history"><small>(Blastoise lost 25% of its health!)</small><br></div><div class="spacer battle-history"><br></div><div class="battle-history"><small>The opposing Vaporeon restored a little HP using its Leftovers!</small><br></div><div class="battle-history"><small>The opposing Vaporeon was hurt by its burn!</small><br></div><div class="spacer battle-history"><br></div><h2 class="battle-history">Turn 21</h2><div class="spacer battle-history"><br></div><div class="battle-history">Blastoise used <strong>Scald</strong>!<br></div><div class="battle-history"><small>It's not very effective...</small><br></div><div class="battle-history"><small>(The opposing Vaporeon lost 13% of its health!)</small><br></div><div class="spacer battle-history"><br></div><div class="battle-history">The opposing Vaporeon used <strong>Scald</strong>!<br></div><div class="battle-history"><small>It's not very effective...</small><br></div><div class="battle-history"><small>(Blastoise lost 15% of its health!)</small><br></div><div class="spacer battle-history"><br></div><div class="battle-history"><small>The opposing Vaporeon restored a little HP using its Leftovers!</small><br></div><div class="battle-history"><small>The opposing Vaporeon was hurt by its burn!</small><br></div><div class="spacer battle-history"><br></div><h2 class="battle-history">Turn 22</h2><div class="spacer battle-history"><br></div><div class="battle-history">Blastoise used <strong>Scald</strong>!<br></div><div class="battle-history"><small>It's not very effective...</small><br></div><div class="battle-history"><small>(The opposing Vaporeon lost 14% of its health!)</small><br></div><div class="spacer battle-history"><br></div><div class="battle-history">The opposing Vaporeon fainted!<br></div><div class="spacer battle-history"><br></div><div class="battle-history"><strong>PPO_RLPlayer 1</strong> won the battle!<br></div><div class="chat"><small> yuymf joined</small></div></div><div class="inner-preempt message-log"></div></div></div>
</div>
<script>
let daily = Math.floor(Date.now()/1000/60/60/24);document.write('<script src="https://play.pokemonshowdown.com/js/replay-embed.js?version'+daily+'"></'+'script>');
</script>
