<!DOCTYPE html>
<meta charset="utf-8" />
<!-- version 1 -->
<title>[Gen 9] Random Battle replay: TEST_RLPlayer 1 vs. MaxDamagePlayer 1</title>
<style>
html,body {font-family:Verdana, sans-serif;font-size:10pt;margin:0;padding:0;}body{padding:12px 0;} .battle-log {font-family:Verdana, sans-serif;font-size:10pt;} .battle-log-inline {border:1px solid #AAAAAA;background:#EEF2F5;color:black;max-width:640px;margin:0 auto 80px;padding-bottom:5px;} .battle-log .inner {padding:4px 8px 0px 8px;} .battle-log .inner-preempt {padding:0 8px 4px 8px;} .battle-log .inner-after {margin-top:0.5em;} .battle-log h2 {margin:0.5em -8px;padding:4px 8px;border:1px solid #AAAAAA;background:#E0E7EA;border-left:0;border-right:0;font-family:Verdana, sans-serif;font-size:13pt;} .battle-log .chat {vertical-align:middle;padding:3px 0 3px 0;font-size:8pt;} .battle-log .chat strong {color:#40576A;} .battle-log .chat em {padding:1px 4px 1px 3px;color:#000000;font-style:normal;} .chat.mine {background:rgba(0,0,0,0.05);margin-left:-8px;margin-right:-8px;padding-left:8px;padding-right:8px;} .spoiler {color:#BBBBBB;background:#BBBBBB;padding:0px 3px;} .spoiler:hover, .spoiler:active, .spoiler-shown {color:#000000;background:#E2E2E2;padding:0px 3px;} .spoiler a {color:#BBBBBB;} .spoiler:hover a, .spoiler:active a, .spoiler-shown a {color:#2288CC;} .chat code, .chat .spoiler:hover code, .chat .spoiler:active code, .chat .spoiler-shown code {border:1px solid #C0C0C0;background:#EEEEEE;color:black;padding:0 2px;} .chat .spoiler code {border:1px solid #CCCCCC;background:#CCCCCC;color:#CCCCCC;} .battle-log .rated {padding:3px 4px;} .battle-log .rated strong {color:white;background:#89A;padding:1px 4px;border-radius:4px;} .spacer {margin-top:0.5em;} .message-announce {background:#6688AA;color:white;padding:1px 4px 2px;} .message-announce a, .broadcast-green a, .broadcast-blue a, .broadcast-red a {color:#DDEEFF;} .broadcast-green {background-color:#559955;color:white;padding:2px 4px;} .broadcast-blue {background-color:#6688AA;color:white;padding:2px 4px;} .infobox {border:1px solid #6688AA;padding:2px 4px;} .infobox-limited {max-height:200px;overflow:auto;overflow-x:hidden;} .broadcast-red {background-color:#AA5544;color:white;padding:2px 4px;} .message-learn-canlearn {font-weight:bold;color:#228822;text-decoration:underline;} .message-learn-cannotlearn {font-weight:bold;color:#CC2222;text-decoration:underline;} .message-effect-weak {font-weight:bold;color:#CC2222;} .message-effect-resist {font-weight:bold;color:#6688AA;} .message-effect-immune {font-weight:bold;color:#666666;} .message-learn-list {margin-top:0;margin-bottom:0;} .message-throttle-notice, .message-error {color:#992222;} .message-overflow, .chat small.message-overflow {font-size:0pt;} .message-overflow::before {font-size:9pt;content:'...';} .subtle {color:#3A4A66;}
</style>
<div class="wrapper replay-wrapper" style="max-width:1180px;margin:0 auto">
<input type="hidden" name="replayid" value="unregisteredserver-gen9randombattle-85127" />
<div class="battle"></div><div class="battle-log"></div><div class="replay-controls"></div><div class="replay-controls-2"></div>
<h1 style="font-weight:normal;text-align:center"><strong>[Gen 9] Random Battle</strong><br /><a href="http://pokemonshowdown.com/users/testrlplayer1" class="subtle" target="_blank">TEST_RLPlayer 1</a> vs. <a href="http://pokemonshowdown.com/users/maxdamageplayer1" class="subtle" target="_blank">MaxDamagePlayer 1</a></h1>
<script type="text/plain" class="battle-log-data">|j|☆TEST_RLPlayer 1
|j|☆MaxDamagePlayer 1
|t:|1713455658
|gametype|singles
|player|p1|TEST_RLPlayer 1|102|
|player|p2|MaxDamagePlayer 1|102|
|teamsize|p1|6
|teamsize|p2|6
|gen|9
|tier|[Gen 9] Random Battle
|rule|Species Clause: Limit one of each Pokémon
|rule|HP Percentage Mod: HP is shown in percentages
|rule|Sleep Clause Mod: Limit one foe put to sleep
|rule|Illusion Level Mod: Illusion disguises the Pokémon's true level
|
|t:|1713455658
|start
|switch|p1a: Pecharunt|Pecharunt, L77|100\/100
|switch|p2a: Whiscash|Whiscash, L88, F|100\/100
|turn|1
|
|t:|1713455658
|move|p1a: Pecharunt|Malignant Chain|p2a: Whiscash
|-resisted|p2a: Whiscash
|-damage|p2a: Whiscash|86\/100
|-status|p2a: Whiscash|tox
|-start|p2a: Whiscash|confusion|[from] ability: Poison Puppeteer|[of] p1a: Pecharunt
|-activate|p2a: Whiscash|confusion
|-damage|p2a: Whiscash|77\/100 tox|[from] confusion
|
|-damage|p2a: Whiscash|71\/100 tox|[from] psn
|upkeep
|turn|2
|
|t:|1713455658
|move|p1a: Pecharunt|Malignant Chain|p2a: Whiscash
|-resisted|p2a: Whiscash
|-damage|p2a: Whiscash|59\/100 tox
|-end|p2a: Whiscash|confusion
|move|p2a: Whiscash|Earthquake|p1a: Pecharunt
|-supereffective|p1a: Pecharunt
|-damage|p1a: Pecharunt|35\/100
|-damage|p2a: Whiscash|49\/100 tox|[from] item: Life Orb
|
|-heal|p1a: Pecharunt|41\/100|[from] item: Leftovers
|-damage|p2a: Whiscash|36\/100 tox|[from] psn
|upkeep
|turn|3
|
|t:|1713455658
|move|p1a: Pecharunt|Malignant Chain|p2a: Whiscash
|-resisted|p2a: Whiscash
|-damage|p2a: Whiscash|24\/100 tox
|move|p2a: Whiscash|Earthquake|p1a: Pecharunt
|-supereffective|p1a: Pecharunt
|-damage|p1a: Pecharunt|0 fnt
|faint|p1a: Pecharunt
|-damage|p2a: Whiscash|14\/100 tox|[from] item: Life Orb
|
|-damage|p2a: Whiscash|0 fnt|[from] psn
|faint|p2a: Whiscash
|upkeep
|
|t:|1713455658
|switch|p1a: Ampharos|Ampharos, L88, F|100\/100
|switch|p2a: Hariyama|Hariyama, L87, M|100\/100
|turn|4
|
|t:|1713455658
|move|p1a: Ampharos|Dazzling Gleam|p2a: Hariyama
|-supereffective|p2a: Hariyama
|-damage|p2a: Hariyama|55\/100
|move|p2a: Hariyama|Close Combat|p1a: Ampharos
|-damage|p1a: Ampharos|46\/100
|-unboost|p2a: Hariyama|def|1
|-unboost|p2a: Hariyama|spd|1
|-status|p2a: Hariyama|par|[from] ability: Static|[of] p1a: Ampharos
|
|upkeep
|turn|5
|
|t:|1713455658
|move|p1a: Ampharos|Dazzling Gleam|p2a: Hariyama
|-supereffective|p2a: Hariyama
|-damage|p2a: Hariyama|0 fnt
|faint|p2a: Hariyama
|
|upkeep
|
|t:|1713455658
|switch|p2a: Kyogre|Kyogre, L71|100\/100
|-weather|RainDance|[from] ability: Drizzle|[of] p2a: Kyogre
|turn|6
|
|t:|1713455658
|move|p2a: Kyogre|Origin Pulse|p1a: Ampharos
|-damage|p1a: Ampharos|0 fnt
|faint|p1a: Ampharos
|
|-weather|RainDance|[upkeep]
|upkeep
|
|t:|1713455658
|switch|p1a: Politoed|Politoed, L88, M|100\/100
|turn|7
|
|t:|1713455658
|move|p1a: Politoed|Ice Beam|p2a: Kyogre
|-resisted|p2a: Kyogre
|-damage|p2a: Kyogre|89\/100
|move|p2a: Kyogre|Origin Pulse|p1a: Politoed
|-resisted|p1a: Politoed
|-damage|p1a: Politoed|73\/100
|
|-weather|RainDance|[upkeep]
|-heal|p1a: Politoed|79\/100|[from] item: Leftovers
|-heal|p2a: Kyogre|95\/100|[from] item: Leftovers
|upkeep
|turn|8
|
|t:|1713455658
|move|p1a: Politoed|Ice Beam|p2a: Kyogre
|-resisted|p2a: Kyogre
|-damage|p2a: Kyogre|85\/100
|move|p2a: Kyogre|Origin Pulse|p1a: Politoed
|-resisted|p1a: Politoed
|-damage|p1a: Politoed|51\/100
|
|-weather|RainDance|[upkeep]
|-heal|p1a: Politoed|57\/100|[from] item: Leftovers
|-heal|p2a: Kyogre|91\/100|[from] item: Leftovers
|upkeep
|turn|9
|
|t:|1713455658
|move|p1a: Politoed|Ice Beam|p2a: Kyogre
|-resisted|p2a: Kyogre
|-damage|p2a: Kyogre|80\/100
|move|p2a: Kyogre|Origin Pulse|p1a: Politoed
|-resisted|p1a: Politoed
|-damage|p1a: Politoed|29\/100
|
|-weather|RainDance|[upkeep]
|-heal|p1a: Politoed|35\/100|[from] item: Leftovers
|-heal|p2a: Kyogre|87\/100|[from] item: Leftovers
|upkeep
|turn|10
|
|t:|1713455658
|move|p1a: Politoed|Ice Beam|p2a: Kyogre
|-resisted|p2a: Kyogre
|-damage|p2a: Kyogre|76\/100
|-status|p2a: Kyogre|frz
|-curestatus|p2a: Kyogre|frz|[msg]
|move|p2a: Kyogre|Origin Pulse|p1a: Politoed
|-resisted|p1a: Politoed
|-damage|p1a: Politoed|10\/100
|
|-weather|none
|-heal|p1a: Politoed|16\/100|[from] item: Leftovers
|-heal|p2a: Kyogre|82\/100|[from] item: Leftovers
|upkeep
|turn|11
|
|t:|1713455658
|move|p1a: Politoed|Ice Beam|p2a: Kyogre
|-resisted|p2a: Kyogre
|-damage|p2a: Kyogre|72\/100
|move|p2a: Kyogre|Origin Pulse|p1a: Politoed
|-resisted|p1a: Politoed
|-damage|p1a: Politoed|0 fnt
|faint|p1a: Politoed
|
|-heal|p2a: Kyogre|78\/100|[from] item: Leftovers
|upkeep
|
|t:|1713455658
|switch|p1a: Tatsugiri|Tatsugiri-Droopy, L86, F|100\/100
|turn|12
|
|t:|1713455658
|move|p1a: Tatsugiri|Draco Meteor|p2a: Kyogre
|-damage|p2a: Kyogre|29\/100
|-unboost|p1a: Tatsugiri|spa|2
|move|p2a: Kyogre|Origin Pulse|p1a: Tatsugiri
|-ability|p1a: Tatsugiri|Storm Drain|boost
|-boost|p1a: Tatsugiri|spa|1
|
|-heal|p2a: Kyogre|36\/100|[from] item: Leftovers
|upkeep
|turn|13
|
|t:|1713455658
|move|p1a: Tatsugiri|Draco Meteor|p2a: Kyogre
|-damage|p2a: Kyogre|0 fnt
|-unboost|p1a: Tatsugiri|spa|2
|faint|p2a: Kyogre
|
|upkeep
|
|t:|1713455658
|switch|p2a: Ariados|Ariados, L94, M|100\/100
|turn|14
|
|t:|1713455658
|move|p1a: Tatsugiri|Draco Meteor|p2a: Ariados
|-damage|p2a: Ariados|74\/100
|-unboost|p1a: Tatsugiri|spa|2
|move|p2a: Ariados|Megahorn|p1a: Tatsugiri
|-damage|p1a: Tatsugiri|27\/100
|
|upkeep
|turn|15
|
|t:|1713455658
|move|p1a: Tatsugiri|Draco Meteor|p2a: Ariados
|-crit|p2a: Ariados
|-damage|p2a: Ariados|0 fnt
|-unboost|p1a: Tatsugiri|spa|1
|faint|p2a: Ariados
|
|upkeep
|
|t:|1713455658
|switch|p2a: Ampharos|Ampharos, L88, M|100\/100
|turn|16
|
|t:|1713455658
|move|p1a: Tatsugiri|Draco Meteor|p2a: Ampharos
|-damage|p2a: Ampharos|88\/100
|move|p2a: Ampharos|Focus Blast|p1a: Tatsugiri
|-damage|p1a: Tatsugiri|0 fnt
|faint|p1a: Tatsugiri
|
|upkeep
|
|t:|1713455658
|switch|p1a: Terrakion|Terrakion, L79|100\/100
|turn|17
|
|t:|1713455658
|move|p1a: Terrakion|Earthquake|p2a: Ampharos
|-supereffective|p2a: Ampharos
|-crit|p2a: Ampharos
|-damage|p2a: Ampharos|0 fnt
|faint|p2a: Ampharos
|
|upkeep
|
|t:|1713455658
|switch|p2a: Mamoswine|Mamoswine, L81, M|100\/100
|turn|18
|
|t:|1713455658
|move|p1a: Terrakion|Earthquake|p2a: Mamoswine
|-damage|p2a: Mamoswine|59\/100
|move|p2a: Mamoswine|Earthquake|p1a: Terrakion
|-supereffective|p1a: Terrakion
|-crit|p1a: Terrakion
|-damage|p1a: Terrakion|0 fnt
|faint|p1a: Terrakion
|-damage|p2a: Mamoswine|49\/100|[from] item: Life Orb
|
|upkeep
|
|t:|1713455658
|switch|p1a: Illumise|Illumise, L91, F|100\/100
|turn|19
|
|t:|1713455658
|move|p1a: Illumise|Bug Buzz|p2a: Mamoswine
|-damage|p2a: Mamoswine|12\/100
|move|p2a: Mamoswine|Earthquake|p1a: Illumise
|-resisted|p1a: Illumise
|-damage|p1a: Illumise|70\/100
|-damage|p2a: Mamoswine|2\/100|[from] item: Life Orb
|
|upkeep
|turn|20
|
|t:|1713455658
|move|p1a: Illumise|Bug Buzz|p2a: Mamoswine
|-damage|p2a: Mamoswine|0 fnt
|faint|p2a: Mamoswine
|
|win|TEST_RLPlayer 1
|j| yuymf
</script>
</div>
<div class="battle-log battle-log-inline"><div class="inner"><div class="battle-options"><div style="padding-top: 3px; padding-right: 3px; text-align: right"><button class="icon button" name="openBattleOptions" title="Options">Battle Options</button></div></div><div class="inner message-log"><div class="chat"><small>☆TEST_RLPlayer 1 and ☆MaxDamagePlayer 1 joined</small></div><div class=""><small>Format:</small> <br><strong>[Gen 9] Random Battle</strong></div><div class=""><small><em>Species Clause:</em> Limit one of each Pokémon</small></div><div class=""><small><em>HP Percentage Mod:</em> HP is shown in percentages</small></div><div class=""><small><em>Sleep Clause Mod:</em> Limit one foe put to sleep</small></div><div class=""><small><em>Illusion Level Mod:</em> Illusion disguises the Pokémon's true level</small></div><div class="spacer battle-history"><br></div><div class="battle-history">Battle started between TEST_RLPlayer 1 and MaxDamagePlayer 1!<br></div><div class="spacer battle-history"><br></div><div class="battle-history">Go! <strong>Pecharunt</strong>!<br></div><div class="spacer battle-history"><br></div><div class="battle-history">MaxDamagePlayer 1 sent out <strong>Whiscash</strong>!<br></div><div class="spacer battle-history"><br></div><h2 class="battle-history">Turn 1</h2><div class="spacer battle-history"><br></div><div class="battle-history">Pecharunt used <strong>Malignant Chain</strong>!<br></div><div class="battle-history"><small>It's not very effective...</small><br></div><div class="battle-history"><small>(The opposing Whiscash lost 14% of its health!)</small><br></div><div class="battle-history"><small>The opposing Whiscash was badly poisoned!</small><br></div><div class="battle-history">[Pecharunt's Poison Puppeteer]<br><small>The opposing Whiscash became confused!</small><br></div><div class="spacer battle-history"><br></div><div class="battle-history"><small>The opposing Whiscash is confused!</small><br></div><div class="battle-history">It hurt itself in its confusion!<br></div><div class="spacer battle-history"><br></div><div class="battle-history"><small>The opposing Whiscash was hurt by poison!</small><br></div><div class="spacer battle-history"><br></div><h2 class="battle-history">Turn 2</h2><div class="spacer battle-history"><br></div><div class="battle-history">Pecharunt used <strong>Malignant Chain</strong>!<br></div><div class="battle-history"><small>It's not very effective...</small><br></div><div class="battle-history"><small>(The opposing Whiscash lost 12% of its health!)</small><br></div><div class="battle-history"><small>The opposing Whiscash snapped out of its confusion!</small><br></div><div class="spacer battle-history"><br></div><div class="battle-history">The opposing Whiscash used <strong>Earthquake</strong>!<br></div><div class="battle-history"><small>It's super effective!</small><br></div><div class="battle-history"><small>(Pecharunt lost 65% of its health!)</small><br></div><div class="battle-history"><small>The opposing Whiscash lost some of its HP!</small><br></div><div class="spacer battle-history"><br></div><div class="battle-history"><small>Pecharunt restored a little HP using its Leftovers!</small><br></div><div class="battle-history"><small>The opposing Whiscash was hurt by poison!</small><br></div><div class="spacer battle-history"><br></div><h2 class="battle-history">Turn 3</h2><div class="spacer battle-history"><br></div><div class="battle-history">Pecharunt used <strong>Malignant Chain</strong>!<br></div><div class="battle-history"><small>It's not very effective...</small><br></div><div class="battle-history"><small>(The opposing Whiscash lost 12% of its health!)</small><br></div><div class="spacer battle-history"><br></div><div class="battle-history">The opposing Whiscash used <strong>Earthquake</strong>!<br></div><div class="battle-history"><small>It's super effective!</small><br></div><div class="battle-history"><small>(Pecharunt lost 41% of its health!)</small><br></div><div class="spacer battle-history"><br></div><div class="battle-history">Pecharunt fainted!<br></div><div class="battle-history"><small>The opposing Whiscash lost some of its HP!</small><br></div><div class="spacer battle-history"><br></div><div class="battle-history"><small>The opposing Whiscash was hurt by poison!</small><br></div><div class="spacer battle-history"><br></div><div class="battle-history">The opposing Whiscash fainted!<br></div><div class="spacer battle-history"><br></div><div class="battle-history">Go! <strong>Ampharos</strong>!<br></div><div class="spacer battle-history"><br></div><div class="battle-history">MaxDamagePlayer 1 sent out <strong>Hariyama</strong>!<br></div><div class="spacer battle-history"><br></div><h2 class="battle-history">Turn 4</h2><div class="spacer battle-history"><br></div><div class="battle-history">Ampharos used <strong>Dazzling Gleam</strong>!<br></div><div class="battle-history"><small>It's super effective!</small><br></div><div class="battle-history"><small>(The opposing Hariyama lost 45% of its health!)</small><br></div><div class="spacer battle-history"><br></div><div class="battle-history">The opposing Hariyama used <strong>Close Combat</strong>!<br></div><div class="battle-history"><small>(Ampharos lost 54% of its health!)</small><br></div><div class="battle-history"><small>The opposing Hariyama's Defense fell!</small><br></div><div class="battle-history"><small>The opposing Hariyama's Sp. Def fell!</small><br></div><div class="battle-history">[Ampharos's Static]<br><small>The opposing Hariyama is paralyzed! It may be unable to move!</small><br></div><div class="spacer battle-history"><br></div><h2 class="battle-history">Turn 5</h2><div class="spacer battle-history"><br></div><div class="battle-history">Ampharos used <strong>Dazzling Gleam</strong>!<br></div><div class="battle-history"><small>It's super effective!</small><br></div><div class="battle-history"><small>(The opposing Hariyama lost 55% of its health!)</small><br></div><div class="spacer battle-history"><br></div><div class="battle-history">The opposing Hariyama fainted!<br></div><div class="spacer battle-history"><br></div><div class="battle-history">MaxDamagePlayer 1 sent out <strong>Kyogre</strong>!<br></div><div class="battle-history">[The opposing Kyogre's Drizzle]<br><small>It started to rain!</small><br></div><div class="spacer battle-history"><br></div><h2 class="battle-history">Turn 6</h2><div class="spacer battle-history"><br></div><div class="battle-history">The opposing Kyogre used <strong>Origin Pulse</strong>!<br></div><div class="battle-history"><small>(Ampharos lost 46% of its health!)</small><br></div><div class="spacer battle-history"><br></div><div class="battle-history">Ampharos fainted!<br></div><div class="spacer battle-history"><br></div><div class="battle-history"><small>(Rain continues to fall.)</small><br></div><div class="spacer battle-history"><br></div><div class="battle-history">Go! <strong>Politoed</strong>!<br></div><div class="spacer battle-history"><br></div><h2 class="battle-history">Turn 7</h2><div class="spacer battle-history"><br></div><div class="battle-history">Politoed used <strong>Ice Beam</strong>!<br></div><div class="battle-history"><small>It's not very effective...</small><br></div><div class="battle-history"><small>(The opposing Kyogre lost 11% of its health!)</small><br></div><div class="spacer battle-history"><br></div><div class="battle-history">The opposing Kyogre used <strong>Origin Pulse</strong>!<br></div><div class="battle-history"><small>It's not very effective...</small><br></div><div class="battle-history"><small>(Politoed lost 27% of its health!)</small><br></div><div class="spacer battle-history"><br></div><div class="battle-history"><small>(Rain continues to fall.)</small><br></div><div class="battle-history"><small>Politoed restored a little HP using its Leftovers!</small><br></div><div class="battle-history"><small>The opposing Kyogre restored a little HP using its Leftovers!</small><br></div><div class="spacer battle-history"><br></div><h2 class="battle-history">Turn 8</h2><div class="spacer battle-history"><br></div><div class="battle-history">Politoed used <strong>Ice Beam</strong>!<br></div><div class="battle-history"><small>It's not very effective...</small><br></div><div class="battle-history"><small>(The opposing Kyogre lost 10% of its health!)</small><br></div><div class="spacer battle-history"><br></div><div class="battle-history">The opposing Kyogre used <strong>Origin Pulse</strong>!<br></div><div class="battle-history"><small>It's not very effective...</small><br></div><div class="battle-history"><small>(Politoed lost 28% of its health!)</small><br></div><div class="spacer battle-history"><br></div><div class="battle-history"><small>(Rain continues to fall.)</small><br></div><div class="battle-history"><small>Politoed restored a little HP using its Leftovers!</small><br></div><div class="battle-history"><small>The opposing Kyogre restored a little HP using its Leftovers!</small><br></div><div class="spacer battle-history"><br></div><h2 class="battle-history">Turn 9</h2><div class="spacer battle-history"><br></div><div class="battle-history">Politoed used <strong>Ice Beam</strong>!<br></div><div class="battle-history"><small>It's not very effective...</small><br></div><div class="battle-history"><small>(The opposing Kyogre lost 11% of its health!)</small><br></div><div class="spacer battle-history"><br></div><div class="battle-history">The opposing Kyogre used <strong>Origin Pulse</strong>!<br></div><div class="battle-history"><small>It's not very effective...</small><br></div><div class="battle-history"><small>(Politoed lost 28% of its health!)</small><br></div><div class="spacer battle-history"><br></div><div class="battle-history"><small>(Rain continues to fall.)</small><br></div><div class="battle-history"><small>Politoed restored a little HP using its Leftovers!</small><br></div><div class="battle-history"><small>The opposing Kyogre restored a little HP using its Leftovers!</small><br></div><div class="spacer battle-history"><br></div><h2 class="battle-history">Turn 10</h2><div class="spacer battle-history"><br></div><div class="battle-history">Politoed used <strong>Ice Beam</strong>!<br></div><div class="battle-history"><small>It's not very effective...</small><br></div><div class="battle-history"><small>(The opposing Kyogre lost 11% of its health!)</small><br></div><div class="battle-history"><small>The opposing Kyogre was frozen solid!</small><br></div><div class="battle-history"><small>The opposing Kyogre thawed out!</small><br></div><div class="spacer battle-history"><br></div><div class="battle-history">The opposing Kyogre used <strong>Origin Pulse</strong>!<br></div><div class="battle-history"><small>It's not very effective...</small><br></div><div class="battle-history"><small>(Politoed lost 25% of its health!)</small><br></div><div class="spacer battle-history"><br></div><div class="battle-history"><small>The rain stopped.</small><br></div><div class="battle-history"><small>Politoed restored a little HP using its Leftovers!</small><br></div><div class="battle-history"><small>The opposing Kyogre restored a little HP using its Leftovers!</small><br></div><div class="spacer battle-history"><br></div><h2 class="battle-history">Turn 11</h2><div class="spacer battle-history"><br></div><div class="battle-history">Politoed used <strong>Ice Beam</strong>!<br></div><div class="battle-history"><small>It's not very effective...</small><br></div><div class="battle-history"><small>(The opposing Kyogre lost 10% of its health!)</small><br></div><div class="spacer battle-history"><br></div><div class="battle-history">The opposing Kyogre used <strong>Origin Pulse</strong>!<br></div><div class="battle-history"><small>It's not very effective...</small><br></div><div class="battle-history"><small>(Politoed lost 16% of its health!)</small><br></div><div class="spacer battle-history"><br></div><div class="battle-history">Politoed fainted!<br></div><div class="spacer battle-history"><br></div><div class="battle-history"><small>The opposing Kyogre restored a little HP using its Leftovers!</small><br></div><div class="spacer battle-history"><br></div><div class="battle-history">Go! Tatsugiri (<strong>Tatsugiri-Droopy</strong>)!<br></div><div class="spacer battle-history"><br></div><h2 class="battle-history">Turn 12</h2><div class="spacer battle-history"><br></div><div class="battle-history">Tatsugiri used <strong>Draco Meteor</strong>!<br></div><div class="battle-history"><small>(The opposing Kyogre lost 49% of its health!)</small><br></div><div class="battle-history"><small>Tatsugiri's Sp. Atk fell harshly!</small><br></div><div class="spacer battle-history"><br></div><div class="battle-history">The opposing Kyogre used <strong>Origin Pulse</strong>!<br></div><div class="battle-history">[Tatsugiri's Storm Drain]<br></div><div class="battle-history"><small>Tatsugiri's Sp. Atk rose!</small><br></div><div class="spacer battle-history"><br></div><div class="battle-history"><small>The opposing Kyogre restored a little HP using its Leftovers!</small><br></div><div class="spacer battle-history"><br></div><h2 class="battle-history">Turn 13</h2><div class="spacer battle-history"><br></div><div class="battle-history">Tatsugiri used <strong>Draco Meteor</strong>!<br></div><div class="battle-history"><small>(The opposing Kyogre lost 36% of its health!)</small><br></div><div class="battle-history"><small>Tatsugiri's Sp. Atk fell harshly!</small><br></div><div class="spacer battle-history"><br></div><div class="battle-history">The opposing Kyogre fainted!<br></div><div class="spacer battle-history"><br></div><div class="battle-history">MaxDamagePlayer 1 sent out <strong>Ariados</strong>!<br></div><div class="spacer battle-history"><br></div><h2 class="battle-history">Turn 14</h2><div class="spacer battle-history"><br></div><div class="battle-history">Tatsugiri used <strong>Draco Meteor</strong>!<br></div><div class="battle-history"><small>(The opposing Ariados lost 26% of its health!)</small><br></div><div class="battle-history"><small>Tatsugiri's Sp. Atk fell harshly!</small><br></div><div class="spacer battle-history"><br></div><div class="battle-history">The opposing Ariados used <strong>Megahorn</strong>!<br></div><div class="battle-history"><small>(Tatsugiri lost 73% of its health!)</small><br></div><div class="spacer battle-history"><br></div><h2 class="battle-history">Turn 15</h2><div class="spacer battle-history"><br></div><div class="battle-history">Tatsugiri used <strong>Draco Meteor</strong>!<br></div><div class="battle-history"><small>A critical hit!</small><br></div><div class="battle-history"><small>(The opposing Ariados lost 74% of its health!)</small><br></div><div class="battle-history"><small>Tatsugiri's Sp. Atk fell!</small><br></div><div class="spacer battle-history"><br></div><div class="battle-history">The opposing Ariados fainted!<br></div><div class="spacer battle-history"><br></div><div class="battle-history">MaxDamagePlayer 1 sent out <strong>Ampharos</strong>!<br></div><div class="spacer battle-history"><br></div><h2 class="battle-history">Turn 16</h2><div class="spacer battle-history"><br></div><div class="battle-history">Tatsugiri used <strong>Draco Meteor</strong>!<br></div><div class="battle-history"><small>(The opposing Ampharos lost 12% of its health!)</small><br></div><div class="spacer battle-history"><br></div><div class="battle-history">The opposing Ampharos used <strong>Focus Blast</strong>!<br></div><div class="battle-history"><small>(Tatsugiri lost 27% of its health!)</small><br></div><div class="spacer battle-history"><br></div><div class="battle-history">Tatsugiri fainted!<br></div><div class="spacer battle-history"><br></div><div class="battle-history">Go! <strong>Terrakion</strong>!<br></div><div class="spacer battle-history"><br></div><h2 class="battle-history">Turn 17</h2><div class="spacer battle-history"><br></div><div class="battle-history">Terrakion used <strong>Earthquake</strong>!<br></div><div class="battle-history"><small>It's super effective!</small><br></div><div class="battle-history"><small>A critical hit!</small><br></div><div class="battle-history"><small>(The opposing Ampharos lost 88% of its health!)</small><br></div><div class="spacer battle-history"><br></div><div class="battle-history">The opposing Ampharos fainted!<br></div><div class="spacer battle-history"><br></div><div class="battle-history">MaxDamagePlayer 1 sent out <strong>Mamoswine</strong>!<br></div><div class="spacer battle-history"><br></div><h2 class="battle-history">Turn 18</h2><div class="spacer battle-history"><br></div><div class="battle-history">Terrakion used <strong>Earthquake</strong>!<br></div><div class="battle-history"><small>(The opposing Mamoswine lost 41% of its health!)</small><br></div><div class="spacer battle-history"><br></div><div class="battle-history">The opposing Mamoswine used <strong>Earthquake</strong>!<br></div><div class="battle-history"><small>It's super effective!</small><br></div><div class="battle-history"><small>A critical hit!</small><br></div><div class="battle-history"><small>(Terrakion lost 100% of its health!)</small><br></div><div class="spacer battle-history"><br></div><div class="battle-history">Terrakion fainted!<br></div><div class="battle-history"><small>The opposing Mamoswine lost some of its HP!</small><br></div><div class="spacer battle-history"><br></div><div class="battle-history">Go! <strong>Illumise</strong>!<br></div><div class="spacer battle-history"><br></div><h2 class="battle-history">Turn 19</h2><div class="spacer battle-history"><br></div><div class="battle-history">Illumise used <strong>Bug Buzz</strong>!<br></div><div class="battle-history"><small>(The opposing Mamoswine lost 37% of its health!)</small><br></div><div class="spacer battle-history"><br></div><div class="battle-history">The opposing Mamoswine used <strong>Earthquake</strong>!<br></div><div class="battle-history"><small>It's not very effective...</small><br></div><div class="battle-history"><small>(Illumise lost 30% of its health!)</small><br></div><div class="battle-history"><small>The opposing Mamoswine lost some of its HP!</small><br></div><div class="spacer battle-history"><br></div><h2 class="battle-history">Turn 20</h2><div class="spacer battle-history"><br></div><div class="battle-history">Illumise used <strong>Bug Buzz</strong>!<br></div><div class="battle-history"><small>(The opposing Mamoswine lost 2% of its health!)</small><br></div><div class="spacer battle-history"><br></div><div class="battle-history">The opposing Mamoswine fainted!<br></div><div class="spacer battle-history"><br></div><div class="battle-history"><strong>TEST_RLPlayer 1</strong> won the battle!<br></div><div class="chat"><small> yuymf joined</small></div></div><div class="inner-preempt message-log"></div></div></div>
</div>
<script>
let daily = Math.floor(Date.now()/1000/60/60/24);document.write('<script src="https://play.pokemonshowdown.com/js/replay-embed.js?version'+daily+'"></'+'script>');
</script>
