<!DOCTYPE html>
<meta charset="utf-8" />
<!-- version 1 -->
<title>[Gen 9] Random Battle replay: TEST_RLPlayer 1 vs. MaxDamagePlayer 1</title>
<style>
html,body {font-family:Verdana, sans-serif;font-size:10pt;margin:0;padding:0;}body{padding:12px 0;} .battle-log {font-family:Verdana, sans-serif;font-size:10pt;} .battle-log-inline {border:1px solid #AAAAAA;background:#EEF2F5;color:black;max-width:640px;margin:0 auto 80px;padding-bottom:5px;} .battle-log .inner {padding:4px 8px 0px 8px;} .battle-log .inner-preempt {padding:0 8px 4px 8px;} .battle-log .inner-after {margin-top:0.5em;} .battle-log h2 {margin:0.5em -8px;padding:4px 8px;border:1px solid #AAAAAA;background:#E0E7EA;border-left:0;border-right:0;font-family:Verdana, sans-serif;font-size:13pt;} .battle-log .chat {vertical-align:middle;padding:3px 0 3px 0;font-size:8pt;} .battle-log .chat strong {color:#40576A;} .battle-log .chat em {padding:1px 4px 1px 3px;color:#000000;font-style:normal;} .chat.mine {background:rgba(0,0,0,0.05);margin-left:-8px;margin-right:-8px;padding-left:8px;padding-right:8px;} .spoiler {color:#BBBBBB;background:#BBBBBB;padding:0px 3px;} .spoiler:hover, .spoiler:active, .spoiler-shown {color:#000000;background:#E2E2E2;padding:0px 3px;} .spoiler a {color:#BBBBBB;} .spoiler:hover a, .spoiler:active a, .spoiler-shown a {color:#2288CC;} .chat code, .chat .spoiler:hover code, .chat .spoiler:active code, .chat .spoiler-shown code {border:1px solid #C0C0C0;background:#EEEEEE;color:black;padding:0 2px;} .chat .spoiler code {border:1px solid #CCCCCC;background:#CCCCCC;color:#CCCCCC;} .battle-log .rated {padding:3px 4px;} .battle-log .rated strong {color:white;background:#89A;padding:1px 4px;border-radius:4px;} .spacer {margin-top:0.5em;} .message-announce {background:#6688AA;color:white;padding:1px 4px 2px;} .message-announce a, .broadcast-green a, .broadcast-blue a, .broadcast-red a {color:#DDEEFF;} .broadcast-green {background-color:#559955;color:white;padding:2px 4px;} .broadcast-blue {background-color:#6688AA;color:white;padding:2px 4px;} .infobox {border:1px solid #6688AA;padding:2px 4px;} .infobox-limited {max-height:200px;overflow:auto;overflow-x:hidden;} .broadcast-red {background-color:#AA5544;color:white;padding:2px 4px;} .message-learn-canlearn {font-weight:bold;color:#228822;text-decoration:underline;} .message-learn-cannotlearn {font-weight:bold;color:#CC2222;text-decoration:underline;} .message-effect-weak {font-weight:bold;color:#CC2222;} .message-effect-resist {font-weight:bold;color:#6688AA;} .message-effect-immune {font-weight:bold;color:#666666;} .message-learn-list {margin-top:0;margin-bottom:0;} .message-throttle-notice, .message-error {color:#992222;} .message-overflow, .chat small.message-overflow {font-size:0pt;} .message-overflow::before {font-size:9pt;content:'...';} .subtle {color:#3A4A66;}
</style>
<div class="wrapper replay-wrapper" style="max-width:1180px;margin:0 auto">
<input type="hidden" name="replayid" value="unregisteredserver-gen9randombattle-85156" />
<div class="battle"></div><div class="battle-log"></div><div class="replay-controls"></div><div class="replay-controls-2"></div>
<h1 style="font-weight:normal;text-align:center"><strong>[Gen 9] Random Battle</strong><br /><a href="http://pokemonshowdown.com/users/testrlplayer1" class="subtle" target="_blank">TEST_RLPlayer 1</a> vs. <a href="http://pokemonshowdown.com/users/maxdamageplayer1" class="subtle" target="_blank">MaxDamagePlayer 1</a></h1>
<script type="text/plain" class="battle-log-data">|j|☆TEST_RLPlayer 1
|j|☆MaxDamagePlayer 1
|t:|1713455662
|gametype|singles
|player|p1|TEST_RLPlayer 1|102|
|player|p2|MaxDamagePlayer 1|102|
|teamsize|p1|6
|teamsize|p2|6
|gen|9
|tier|[Gen 9] Random Battle
|rule|Species Clause: Limit one of each Pokémon
|rule|HP Percentage Mod: HP is shown in percentages
|rule|Sleep Clause Mod: Limit one foe put to sleep
|rule|Illusion Level Mod: Illusion disguises the Pokémon's true level
|
|t:|1713455662
|start
|switch|p1a: Lurantis|Lurantis, L88, F|100\/100
|switch|p2a: Swampert|Swampert, L83, F|100\/100
|turn|1
|
|t:|1713455662
|move|p2a: Swampert|Earthquake|p1a: Lurantis
|-resisted|p1a: Lurantis
|-damage|p1a: Lurantis|80\/100
|move|p1a: Lurantis|Leaf Storm|p2a: Swampert
|-supereffective|p2a: Swampert
|-damage|p2a: Swampert|0 fnt
|-boost|p1a: Lurantis|spa|2
|faint|p2a: Swampert
|
|upkeep
|
|t:|1713455662
|switch|p2a: Slither Wing|Slither Wing, L81|100\/100
|-enditem|p2a: Slither Wing|Booster Energy
|-activate|p2a: Slither Wing|ability: Protosynthesis|[fromitem]
|-start|p2a: Slither Wing|protosynthesisatk
|turn|2
|
|t:|1713455662
|move|p2a: Slither Wing|Close Combat|p1a: Lurantis
|-damage|p1a: Lurantis|5\/100
|-unboost|p2a: Slither Wing|def|1
|-unboost|p2a: Slither Wing|spd|1
|move|p1a: Lurantis|Leaf Storm|p2a: Slither Wing
|-resisted|p2a: Slither Wing
|-damage|p2a: Slither Wing|34\/100
|-boost|p1a: Lurantis|spa|2
|
|upkeep
|turn|3
|
|t:|1713455662
|move|p2a: Slither Wing|Close Combat|p1a: Lurantis
|-damage|p1a: Lurantis|0 fnt
|-unboost|p2a: Slither Wing|def|1
|-unboost|p2a: Slither Wing|spd|1
|faint|p1a: Lurantis
|
|upkeep
|
|t:|1713455662
|switch|p1a: Yanmega|Yanmega, L82, F|100\/100
|turn|4
|
|t:|1713455662
|move|p1a: Yanmega|Air Slash|p2a: Slither Wing
|-supereffective|p2a: Slither Wing
|-damage|p2a: Slither Wing|0 fnt
|faint|p2a: Slither Wing
|-end|p2a: Slither Wing|Protosynthesis|[silent]
|
|-ability|p1a: Yanmega|Speed Boost|boost
|-boost|p1a: Yanmega|spe|1
|upkeep
|
|t:|1713455662
|switch|p2a: Toucannon|Toucannon, L88, F|100\/100
|turn|5
|
|t:|1713455662
|move|p1a: Yanmega|Tera Blast|p2a: Toucannon
|-damage|p2a: Toucannon|78\/100
|move|p2a: Toucannon|Boomburst|p1a: Yanmega
|-damage|p1a: Yanmega|30\/100
|
|-ability|p1a: Yanmega|Speed Boost|boost
|-boost|p1a: Yanmega|spe|1
|upkeep
|turn|6
|
|t:|1713455662
|move|p1a: Yanmega|Tera Blast|p2a: Toucannon
|-damage|p2a: Toucannon|53\/100
|move|p2a: Toucannon|Boomburst|p1a: Yanmega
|-damage|p1a: Yanmega|0 fnt
|faint|p1a: Yanmega
|
|upkeep
|
|t:|1713455662
|switch|p1a: Houndstone|Houndstone, L86, F|100\/100
|turn|7
|
|t:|1713455662
|move|p1a: Houndstone|Body Press|p2a: Toucannon
|-damage|p2a: Toucannon|31\/100
|move|p2a: Toucannon|Boomburst|p1a: Houndstone
|-immune|p1a: Houndstone
|
|upkeep
|turn|8
|
|t:|1713455662
|move|p1a: Houndstone|Body Press|p2a: Toucannon
|-damage|p2a: Toucannon|10\/100
|move|p2a: Toucannon|Boomburst|p1a: Houndstone
|-immune|p1a: Houndstone
|
|upkeep
|turn|9
|
|t:|1713455662
|move|p1a: Houndstone|Body Press|p2a: Toucannon
|-damage|p2a: Toucannon|0 fnt
|faint|p2a: Toucannon
|
|upkeep
|
|t:|1713455662
|switch|p2a: Cloyster|Cloyster, L79, M|100\/100
|turn|10
|
|t:|1713455662
|move|p1a: Houndstone|Body Press|p2a: Cloyster
|-supereffective|p2a: Cloyster
|-damage|p2a: Cloyster|64\/100
|move|p2a: Cloyster|Drill Run|p1a: Houndstone
|-crit|p1a: Houndstone
|-damage|p1a: Houndstone|88\/100
|
|-heal|p1a: Houndstone|94\/100|[from] item: Leftovers
|upkeep
|turn|11
|
|t:|1713455662
|move|p1a: Houndstone|Body Press|p2a: Cloyster
|-supereffective|p2a: Cloyster
|-damage|p2a: Cloyster|26\/100
|move|p2a: Cloyster|Drill Run|p1a: Houndstone
|-damage|p1a: Houndstone|85\/100
|
|-heal|p1a: Houndstone|91\/100|[from] item: Leftovers
|upkeep
|turn|12
|
|t:|1713455662
|move|p1a: Houndstone|Body Press|p2a: Cloyster
|-supereffective|p2a: Cloyster
|-damage|p2a: Cloyster|0 fnt
|faint|p2a: Cloyster
|
|-heal|p1a: Houndstone|97\/100|[from] item: Leftovers
|upkeep
|
|t:|1713455662
|switch|p2a: Dudunsparce|Dudunsparce, L82, F|100\/100
|turn|13
|
|t:|1713455662
|move|p1a: Houndstone|Body Press|p2a: Dudunsparce
|-supereffective|p2a: Dudunsparce
|-damage|p2a: Dudunsparce|64\/100
|move|p2a: Dudunsparce|Boomburst|p1a: Houndstone
|-immune|p1a: Houndstone
|
|-heal|p1a: Houndstone|100\/100|[from] item: Leftovers
|-heal|p2a: Dudunsparce|70\/100|[from] item: Leftovers
|upkeep
|turn|14
|
|t:|1713455662
|move|p1a: Houndstone|Body Press|p2a: Dudunsparce
|-supereffective|p2a: Dudunsparce
|-damage|p2a: Dudunsparce|31\/100
|move|p2a: Dudunsparce|Boomburst|p1a: Houndstone
|-immune|p1a: Houndstone
|
|-heal|p2a: Dudunsparce|37\/100|[from] item: Leftovers
|upkeep
|turn|15
|
|t:|1713455662
|move|p1a: Houndstone|Body Press|p2a: Dudunsparce
|-supereffective|p2a: Dudunsparce
|-damage|p2a: Dudunsparce|0 fnt
|faint|p2a: Dudunsparce
|
|upkeep
|
|t:|1713455662
|switch|p2a: Terrakion|Terrakion, L79|100\/100
|turn|16
|
|t:|1713455662
|move|p2a: Terrakion|Close Combat|p1a: Houndstone
|-immune|p1a: Houndstone
|move|p1a: Houndstone|Body Press|p2a: Terrakion
|-supereffective|p2a: Terrakion
|-damage|p2a: Terrakion|55\/100
|
|upkeep
|turn|17
|
|t:|1713455662
|move|p2a: Terrakion|Close Combat|p1a: Houndstone
|-immune|p1a: Houndstone
|move|p1a: Houndstone|Body Press|p2a: Terrakion
|-supereffective|p2a: Terrakion
|-damage|p2a: Terrakion|12\/100
|
|upkeep
|turn|18
|
|t:|1713455662
|move|p2a: Terrakion|Close Combat|p1a: Houndstone
|-immune|p1a: Houndstone
|move|p1a: Houndstone|Body Press|p2a: Terrakion
|-supereffective|p2a: Terrakion
|-damage|p2a: Terrakion|0 fnt
|faint|p2a: Terrakion
|
|win|TEST_RLPlayer 1

|j| yuymf</script>
</div>
<div class="battle-log battle-log-inline"><div class="inner"><div class="battle-options"><div style="padding-top: 3px; padding-right: 3px; text-align: right"><button class="icon button" name="openBattleOptions" title="Options">Battle Options</button></div></div><div class="inner message-log"><div class="chat"><small>☆TEST_RLPlayer 1 and ☆MaxDamagePlayer 1 joined</small></div><div class=""><small>Format:</small> <br><strong>[Gen 9] Random Battle</strong></div><div class=""><small><em>Species Clause:</em> Limit one of each Pokémon</small></div><div class=""><small><em>HP Percentage Mod:</em> HP is shown in percentages</small></div><div class=""><small><em>Sleep Clause Mod:</em> Limit one foe put to sleep</small></div><div class=""><small><em>Illusion Level Mod:</em> Illusion disguises the Pokémon's true level</small></div><div class="spacer battle-history"><br></div><div class="battle-history">Battle started between TEST_RLPlayer 1 and MaxDamagePlayer 1!<br></div><div class="spacer battle-history"><br></div><div class="battle-history">Go! <strong>Lurantis</strong>!<br></div><div class="spacer battle-history"><br></div><div class="battle-history">MaxDamagePlayer 1 sent out <strong>Swampert</strong>!<br></div><div class="spacer battle-history"><br></div><h2 class="battle-history">Turn 1</h2><div class="spacer battle-history"><br></div><div class="battle-history">The opposing Swampert used <strong>Earthquake</strong>!<br></div><div class="battle-history"><small>It's not very effective...</small><br></div><div class="battle-history"><small>(Lurantis lost 20% of its health!)</small><br></div><div class="spacer battle-history"><br></div><div class="battle-history">Lurantis used <strong>Leaf Storm</strong>!<br></div><div class="battle-history"><small>It's super effective!</small><br></div><div class="battle-history"><small>(The opposing Swampert lost 100% of its health!)</small><br></div><div class="battle-history"><small>Lurantis's Sp. Atk rose sharply!</small><br></div><div class="spacer battle-history"><br></div><div class="battle-history">The opposing Swampert fainted!<br></div><div class="spacer battle-history"><br></div><div class="battle-history">MaxDamagePlayer 1 sent out <strong>Slither Wing</strong>!<br></div><div class="battle-history"><small>(The opposing Slither Wing used its Booster Energy!)</small><br></div><div class="battle-history">[The opposing Slither Wing's Protosynthesis]<br><small>The opposing Slither Wing used its Booster Energy to activate Protosynthesis!</small><br></div><div class="battle-history"><small>The opposing Slither Wing's Attack was heightened!</small><br></div><div class="spacer battle-history"><br></div><h2 class="battle-history">Turn 2</h2><div class="spacer battle-history"><br></div><div class="battle-history">The opposing Slither Wing used <strong>Close Combat</strong>!<br></div><div class="battle-history"><small>(Lurantis lost 75% of its health!)</small><br></div><div class="battle-history"><small>The opposing Slither Wing's Defense fell!</small><br></div><div class="battle-history"><small>The opposing Slither Wing's Sp. Def fell!</small><br></div><div class="spacer battle-history"><br></div><div class="battle-history">Lurantis used <strong>Leaf Storm</strong>!<br></div><div class="battle-history"><small>It's not very effective...</small><br></div><div class="battle-history"><small>(The opposing Slither Wing lost 66% of its health!)</small><br></div><div class="battle-history"><small>Lurantis's Sp. Atk rose sharply!</small><br></div><div class="spacer battle-history"><br></div><h2 class="battle-history">Turn 3</h2><div class="spacer battle-history"><br></div><div class="battle-history">The opposing Slither Wing used <strong>Close Combat</strong>!<br></div><div class="battle-history"><small>(Lurantis lost 5% of its health!)</small><br></div><div class="battle-history"><small>The opposing Slither Wing's Defense fell!</small><br></div><div class="battle-history"><small>The opposing Slither Wing's Sp. Def fell!</small><br></div><div class="spacer battle-history"><br></div><div class="battle-history">Lurantis fainted!<br></div><div class="spacer battle-history"><br></div><div class="battle-history">Go! <strong>Yanmega</strong>!<br></div><div class="spacer battle-history"><br></div><h2 class="battle-history">Turn 4</h2><div class="spacer battle-history"><br></div><div class="battle-history">Yanmega used <strong>Air Slash</strong>!<br></div><div class="battle-history"><small>It's super effective!</small><br></div><div class="battle-history"><small>(The opposing Slither Wing lost 34% of its health!)</small><br></div><div class="spacer battle-history"><br></div><div class="battle-history">The opposing Slither Wing fainted!<br></div><div class="spacer battle-history"><br></div><div class="battle-history">[Yanmega's Speed Boost]<br></div><div class="battle-history"><small>Yanmega's Speed rose!</small><br></div><div class="spacer battle-history"><br></div><div class="battle-history">MaxDamagePlayer 1 sent out <strong>Toucannon</strong>!<br></div><div class="spacer battle-history"><br></div><h2 class="battle-history">Turn 5</h2><div class="spacer battle-history"><br></div><div class="battle-history">Yanmega used <strong>Tera Blast</strong>!<br></div><div class="battle-history"><small>(The opposing Toucannon lost 22% of its health!)</small><br></div><div class="spacer battle-history"><br></div><div class="battle-history">The opposing Toucannon used <strong>Boomburst</strong>!<br></div><div class="battle-history"><small>(Yanmega lost 70% of its health!)</small><br></div><div class="spacer battle-history"><br></div><div class="battle-history">[Yanmega's Speed Boost]<br></div><div class="battle-history"><small>Yanmega's Speed rose!</small><br></div><div class="spacer battle-history"><br></div><h2 class="battle-history">Turn 6</h2><div class="spacer battle-history"><br></div><div class="battle-history">Yanmega used <strong>Tera Blast</strong>!<br></div><div class="battle-history"><small>(The opposing Toucannon lost 25% of its health!)</small><br></div><div class="spacer battle-history"><br></div><div class="battle-history">The opposing Toucannon used <strong>Boomburst</strong>!<br></div><div class="battle-history"><small>(Yanmega lost 30% of its health!)</small><br></div><div class="spacer battle-history"><br></div><div class="battle-history">Yanmega fainted!<br></div><div class="spacer battle-history"><br></div><div class="battle-history">Go! <strong>Houndstone</strong>!<br></div><div class="spacer battle-history"><br></div><h2 class="battle-history">Turn 7</h2><div class="spacer battle-history"><br></div><div class="battle-history">Houndstone used <strong>Body Press</strong>!<br></div><div class="battle-history"><small>(The opposing Toucannon lost 22% of its health!)</small><br></div><div class="spacer battle-history"><br></div><div class="battle-history">The opposing Toucannon used <strong>Boomburst</strong>!<br></div><div class="battle-history"><small>It doesn't affect Houndstone...</small><br></div><div class="spacer battle-history"><br></div><h2 class="battle-history">Turn 8</h2><div class="spacer battle-history"><br></div><div class="battle-history">Houndstone used <strong>Body Press</strong>!<br></div><div class="battle-history"><small>(The opposing Toucannon lost 21% of its health!)</small><br></div><div class="spacer battle-history"><br></div><div class="battle-history">The opposing Toucannon used <strong>Boomburst</strong>!<br></div><div class="battle-history"><small>It doesn't affect Houndstone...</small><br></div><div class="spacer battle-history"><br></div><h2 class="battle-history">Turn 9</h2><div class="spacer battle-history"><br></div><div class="battle-history">Houndstone used <strong>Body Press</strong>!<br></div><div class="battle-history"><small>(The opposing Toucannon lost 10% of its health!)</small><br></div><div class="spacer battle-history"><br></div><div class="battle-history">The opposing Toucannon fainted!<br></div><div class="spacer battle-history"><br></div><div class="battle-history">MaxDamagePlayer 1 sent out <strong>Cloyster</strong>!<br></div><div class="spacer battle-history"><br></div><h2 class="battle-history">Turn 10</h2><div class="spacer battle-history"><br></div><div class="battle-history">Houndstone used <strong>Body Press</strong>!<br></div><div class="battle-history"><small>It's super effective!</small><br></div><div class="battle-history"><small>(The opposing Cloyster lost 36% of its health!)</small><br></div><div class="spacer battle-history"><br></div><div class="battle-history">The opposing Cloyster used <strong>Drill Run</strong>!<br></div><div class="battle-history"><small>A critical hit!</small><br></div><div class="battle-history"><small>(Houndstone lost 12% of its health!)</small><br></div><div class="spacer battle-history"><br></div><div class="battle-history"><small>Houndstone restored a little HP using its Leftovers!</small><br></div><div class="spacer battle-history"><br></div><h2 class="battle-history">Turn 11</h2><div class="spacer battle-history"><br></div><div class="battle-history">Houndstone used <strong>Body Press</strong>!<br></div><div class="battle-history"><small>It's super effective!</small><br></div><div class="battle-history"><small>(The opposing Cloyster lost 38% of its health!)</small><br></div><div class="spacer battle-history"><br></div><div class="battle-history">The opposing Cloyster used <strong>Drill Run</strong>!<br></div><div class="battle-history"><small>(Houndstone lost 9% of its health!)</small><br></div><div class="spacer battle-history"><br></div><div class="battle-history"><small>Houndstone restored a little HP using its Leftovers!</small><br></div><div class="spacer battle-history"><br></div><h2 class="battle-history">Turn 12</h2><div class="spacer battle-history"><br></div><div class="battle-history">Houndstone used <strong>Body Press</strong>!<br></div><div class="battle-history"><small>It's super effective!</small><br></div><div class="battle-history"><small>(The opposing Cloyster lost 26% of its health!)</small><br></div><div class="spacer battle-history"><br></div><div class="battle-history">The opposing Cloyster fainted!<br></div><div class="spacer battle-history"><br></div><div class="battle-history"><small>Houndstone restored a little HP using its Leftovers!</small><br></div><div class="spacer battle-history"><br></div><div class="battle-history">MaxDamagePlayer 1 sent out <strong>Dudunsparce</strong>!<br></div><div class="spacer battle-history"><br></div><h2 class="battle-history">Turn 13</h2><div class="spacer battle-history"><br></div><div class="battle-history">Houndstone used <strong>Body Press</strong>!<br></div><div class="battle-history"><small>It's super effective!</small><br></div><div class="battle-history"><small>(The opposing Dudunsparce lost 36% of its health!)</small><br></div><div class="spacer battle-history"><br></div><div class="battle-history">The opposing Dudunsparce used <strong>Boomburst</strong>!<br></div><div class="battle-history"><small>It doesn't affect Houndstone...</small><br></div><div class="spacer battle-history"><br></div><div class="battle-history"><small>Houndstone restored a little HP using its Leftovers!</small><br></div><div class="battle-history"><small>The opposing Dudunsparce restored a little HP using its Leftovers!</small><br></div><div class="spacer battle-history"><br></div><h2 class="battle-history">Turn 14</h2><div class="spacer battle-history"><br></div><div class="battle-history">Houndstone used <strong>Body Press</strong>!<br></div><div class="battle-history"><small>It's super effective!</small><br></div><div class="battle-history"><small>(The opposing Dudunsparce lost 39% of its health!)</small><br></div><div class="spacer battle-history"><br></div><div class="battle-history">The opposing Dudunsparce used <strong>Boomburst</strong>!<br></div><div class="battle-history"><small>It doesn't affect Houndstone...</small><br></div><div class="spacer battle-history"><br></div><div class="battle-history"><small>The opposing Dudunsparce restored a little HP using its Leftovers!</small><br></div><div class="spacer battle-history"><br></div><h2 class="battle-history">Turn 15</h2><div class="spacer battle-history"><br></div><div class="battle-history">Houndstone used <strong>Body Press</strong>!<br></div><div class="battle-history"><small>It's super effective!</small><br></div><div class="battle-history"><small>(The opposing Dudunsparce lost 37% of its health!)</small><br></div><div class="spacer battle-history"><br></div><div class="battle-history">The opposing Dudunsparce fainted!<br></div><div class="spacer battle-history"><br></div><div class="battle-history">MaxDamagePlayer 1 sent out <strong>Terrakion</strong>!<br></div><div class="spacer battle-history"><br></div><h2 class="battle-history">Turn 16</h2><div class="spacer battle-history"><br></div><div class="battle-history">The opposing Terrakion used <strong>Close Combat</strong>!<br></div><div class="battle-history"><small>It doesn't affect Houndstone...</small><br></div><div class="spacer battle-history"><br></div><div class="battle-history">Houndstone used <strong>Body Press</strong>!<br></div><div class="battle-history"><small>It's super effective!</small><br></div><div class="battle-history"><small>(The opposing Terrakion lost 45% of its health!)</small><br></div><div class="spacer battle-history"><br></div><h2 class="battle-history">Turn 17</h2><div class="spacer battle-history"><br></div><div class="battle-history">The opposing Terrakion used <strong>Close Combat</strong>!<br></div><div class="battle-history"><small>It doesn't affect Houndstone...</small><br></div><div class="spacer battle-history"><br></div><div class="battle-history">Houndstone used <strong>Body Press</strong>!<br></div><div class="battle-history"><small>It's super effective!</small><br></div><div class="battle-history"><small>(The opposing Terrakion lost 43% of its health!)</small><br></div><div class="spacer battle-history"><br></div><h2 class="battle-history">Turn 18</h2><div class="spacer battle-history"><br></div><div class="battle-history">The opposing Terrakion used <strong>Close Combat</strong>!<br></div><div class="battle-history"><small>It doesn't affect Houndstone...</small><br></div><div class="spacer battle-history"><br></div><div class="battle-history">Houndstone used <strong>Body Press</strong>!<br></div><div class="battle-history"><small>It's super effective!</small><br></div><div class="battle-history"><small>(The opposing Terrakion lost 12% of its health!)</small><br></div><div class="spacer battle-history"><br></div><div class="battle-history">The opposing Terrakion fainted!<br></div><div class="spacer battle-history"><br></div><div class="battle-history"><strong>TEST_RLPlayer 1</strong> won the battle!<br></div><div class="chat"><small> yuymf joined</small></div></div><div class="inner-preempt message-log"></div></div></div>
</div>
<script>
let daily = Math.floor(Date.now()/1000/60/60/24);document.write('<script src="https://play.pokemonshowdown.com/js/replay-embed.js?version'+daily+'"></'+'script>');
</script>
