<!DOCTYPE html>
<meta charset="utf-8" />
<!-- version 1 -->
<title>[Gen 9] Random Battle replay: SimpleRLPlayer 1 vs. MaxDamagePlayer 1</title>
<style>
html,body {font-family:Verdana, sans-serif;font-size:10pt;margin:0;padding:0;}body{padding:12px 0;} .battle-log {font-family:Verdana, sans-serif;font-size:10pt;} .battle-log-inline {border:1px solid #AAAAAA;background:#EEF2F5;color:black;max-width:640px;margin:0 auto 80px;padding-bottom:5px;} .battle-log .inner {padding:4px 8px 0px 8px;} .battle-log .inner-preempt {padding:0 8px 4px 8px;} .battle-log .inner-after {margin-top:0.5em;} .battle-log h2 {margin:0.5em -8px;padding:4px 8px;border:1px solid #AAAAAA;background:#E0E7EA;border-left:0;border-right:0;font-family:Verdana, sans-serif;font-size:13pt;} .battle-log .chat {vertical-align:middle;padding:3px 0 3px 0;font-size:8pt;} .battle-log .chat strong {color:#40576A;} .battle-log .chat em {padding:1px 4px 1px 3px;color:#000000;font-style:normal;} .chat.mine {background:rgba(0,0,0,0.05);margin-left:-8px;margin-right:-8px;padding-left:8px;padding-right:8px;} .spoiler {color:#BBBBBB;background:#BBBBBB;padding:0px 3px;} .spoiler:hover, .spoiler:active, .spoiler-shown {color:#000000;background:#E2E2E2;padding:0px 3px;} .spoiler a {color:#BBBBBB;} .spoiler:hover a, .spoiler:active a, .spoiler-shown a {color:#2288CC;} .chat code, .chat .spoiler:hover code, .chat .spoiler:active code, .chat .spoiler-shown code {border:1px solid #C0C0C0;background:#EEEEEE;color:black;padding:0 2px;} .chat .spoiler code {border:1px solid #CCCCCC;background:#CCCCCC;color:#CCCCCC;} .battle-log .rated {padding:3px 4px;} .battle-log .rated strong {color:white;background:#89A;padding:1px 4px;border-radius:4px;} .spacer {margin-top:0.5em;} .message-announce {background:#6688AA;color:white;padding:1px 4px 2px;} .message-announce a, .broadcast-green a, .broadcast-blue a, .broadcast-red a {color:#DDEEFF;} .broadcast-green {background-color:#559955;color:white;padding:2px 4px;} .broadcast-blue {background-color:#6688AA;color:white;padding:2px 4px;} .infobox {border:1px solid #6688AA;padding:2px 4px;} .infobox-limited {max-height:200px;overflow:auto;overflow-x:hidden;} .broadcast-red {background-color:#AA5544;color:white;padding:2px 4px;} .message-learn-canlearn {font-weight:bold;color:#228822;text-decoration:underline;} .message-learn-cannotlearn {font-weight:bold;color:#CC2222;text-decoration:underline;} .message-effect-weak {font-weight:bold;color:#CC2222;} .message-effect-resist {font-weight:bold;color:#6688AA;} .message-effect-immune {font-weight:bold;color:#666666;} .message-learn-list {margin-top:0;margin-bottom:0;} .message-throttle-notice, .message-error {color:#992222;} .message-overflow, .chat small.message-overflow {font-size:0pt;} .message-overflow::before {font-size:9pt;content:'...';} .subtle {color:#3A4A66;}
</style>
<div class="wrapper replay-wrapper" style="max-width:1180px;margin:0 auto">
<input type="hidden" name="replayid" value="unregisteredserver-gen9randombattle-49871" />
<div class="battle"></div><div class="battle-log"></div><div class="replay-controls"></div><div class="replay-controls-2"></div>
<h1 style="font-weight:normal;text-align:center"><strong>[Gen 9] Random Battle</strong><br /><a href="http://pokemonshowdown.com/users/simplerlplayer1" class="subtle" target="_blank">SimpleRLPlayer 1</a> vs. <a href="http://pokemonshowdown.com/users/maxdamageplayer1" class="subtle" target="_blank">MaxDamagePlayer 1</a></h1>
<script type="text/plain" class="battle-log-data">|j|☆SimpleRLPlayer 1
|j|☆MaxDamagePlayer 1
|t:|1713403852
|gametype|singles
|player|p1|SimpleRLPlayer 1|1|
|player|p2|MaxDamagePlayer 1|169|
|teamsize|p1|6
|teamsize|p2|6
|gen|9
|tier|[Gen 9] Random Battle
|rule|Species Clause: Limit one of each Pokémon
|rule|HP Percentage Mod: HP is shown in percentages
|rule|Sleep Clause Mod: Limit one foe put to sleep
|rule|Illusion Level Mod: Illusion disguises the Pokémon's true level
|
|t:|1713403852
|start
|switch|p1a: Tentacruel|Tentacruel, L85, M|100\/100
|switch|p2a: Landorus|Landorus, L75, M|100\/100
|turn|1
|
|t:|1713403852
|move|p1a: Tentacruel|Dark Pulse|p2a: Landorus
|-damage|p2a: Landorus|53\/100
|move|p2a: Landorus|Sludge Wave|p1a: Tentacruel
|-damage|p1a: Tentacruel|42\/100
|replace|p1a: Zoroark|Zoroark, L84, M
|-end|p1a: Zoroark|Illusion
|-hint|Illusion Level Mod is active, so this Pokémon's true level was hidden.
|
|upkeep
|turn|2
|
|t:|1713403852
|-terastallize|p1a: Zoroark|Poison
|move|p1a: Zoroark|Dark Pulse|p2a: Landorus
|-crit|p2a: Landorus
|-damage|p2a: Landorus|0 fnt
|faint|p2a: Landorus
|
|upkeep
|
|t:|1713403852
|switch|p2a: Flutter Mane|Flutter Mane, L74|100\/100
|turn|3
|
|t:|1713403852
|switch|p1a: Bronzong|Bronzong, L88|100\/100
|move|p2a: Flutter Mane|Moonblast|p1a: Bronzong
|-resisted|p1a: Bronzong
|-damage|p1a: Bronzong|78\/100
|
|-heal|p1a: Bronzong|84\/100|[from] item: Leftovers
|upkeep
|turn|4
|
|t:|1713403852
|move|p2a: Flutter Mane|Moonblast|p1a: Bronzong
|-resisted|p1a: Bronzong
|-crit|p1a: Bronzong
|-damage|p1a: Bronzong|50\/100
|move|p1a: Bronzong|Iron Defense|p1a: Bronzong
|-boost|p1a: Bronzong|def|2
|
|-heal|p1a: Bronzong|56\/100|[from] item: Leftovers
|upkeep
|turn|5
|
|t:|1713403852
|move|p2a: Flutter Mane|Moonblast|p1a: Bronzong
|-resisted|p1a: Bronzong
|-damage|p1a: Bronzong|35\/100
|move|p1a: Bronzong|Iron Defense|p1a: Bronzong
|-boost|p1a: Bronzong|def|2
|
|-heal|p1a: Bronzong|41\/100|[from] item: Leftovers
|upkeep
|turn|6
|
|t:|1713403852
|move|p2a: Flutter Mane|Moonblast|p1a: Bronzong
|-resisted|p1a: Bronzong
|-damage|p1a: Bronzong|17\/100
|-unboost|p1a: Bronzong|spa|1
|move|p1a: Bronzong|Iron Defense|p1a: Bronzong
|-boost|p1a: Bronzong|def|2
|
|-heal|p1a: Bronzong|23\/100|[from] item: Leftovers
|upkeep
|turn|7
|
|t:|1713403852
|move|p2a: Flutter Mane|Moonblast|p1a: Bronzong
|-resisted|p1a: Bronzong
|-damage|p1a: Bronzong|2\/100
|move|p1a: Bronzong|Iron Defense|p1a: Bronzong
|-boost|p1a: Bronzong|def|0
|
|-heal|p1a: Bronzong|8\/100|[from] item: Leftovers
|upkeep
|turn|8
|
|t:|1713403852
|move|p2a: Flutter Mane|Moonblast|p1a: Bronzong
|-resisted|p1a: Bronzong
|-damage|p1a: Bronzong|0 fnt
|faint|p1a: Bronzong
|
|upkeep
|
|t:|1713403852
|switch|p1a: Tentacruel|Tentacruel, L85, M, tera:Poison|42\/100
|turn|9
|
|t:|1713403852
|move|p1a: Tentacruel|Dark Pulse|p2a: Flutter Mane
|-damage|p2a: Flutter Mane|61\/100
|move|p2a: Flutter Mane|Moonblast|p1a: Tentacruel
|-resisted|p1a: Tentacruel
|-damage|p1a: Tentacruel|2\/100
|replace|p1a: Zoroark|Zoroark, L84, M
|-end|p1a: Zoroark|Illusion
|
|upkeep
|turn|10
|
|t:|1713403852
|switch|p1a: Palafin|Palafin, L77, F|100\/100
|move|p2a: Flutter Mane|Moonblast|p1a: Palafin
|-damage|p1a: Palafin|28\/100
|
|upkeep
|turn|11
|
|t:|1713403852
|move|p2a: Flutter Mane|Moonblast|p1a: Palafin
|-damage|p1a: Palafin|0 fnt
|faint|p1a: Palafin
|
|upkeep
|
|t:|1713403852
|switch|p1a: Tentacruel|Tentacruel, L85, M, tera:Poison|2\/100
|turn|12
|
|t:|1713403852
|move|p1a: Tentacruel|Dark Pulse|p2a: Flutter Mane
|-damage|p2a: Flutter Mane|19\/100
|move|p2a: Flutter Mane|Moonblast|p1a: Tentacruel
|-resisted|p1a: Tentacruel
|-damage|p1a: Tentacruel|0 fnt
|replace|p1a: Zoroark|Zoroark, L84, M
|-end|p1a: Zoroark|Illusion
|faint|p1a: Zoroark
|
|upkeep
|
|t:|1713403852
|switch|p1a: Jirachi|Jirachi, L80|100\/100
|turn|13
|
|t:|1713403852
|move|p2a: Flutter Mane|Moonblast|p1a: Jirachi
|-resisted|p1a: Jirachi
|-damage|p1a: Jirachi|76\/100
|move|p1a: Jirachi|Iron Head|p2a: Flutter Mane
|-supereffective|p2a: Flutter Mane
|-damage|p2a: Flutter Mane|0 fnt
|faint|p2a: Flutter Mane
|-end|p2a: Flutter Mane|Protosynthesis|[silent]
|
|-heal|p1a: Jirachi|83\/100|[from] item: Leftovers
|upkeep
|
|t:|1713403852
|switch|p2a: Calyrex|Calyrex-Ice, L72|100\/100
|-ability|p2a: Calyrex|As One
|-ability|p2a: Calyrex|Unnerve
|turn|14
|
|t:|1713403852
|move|p1a: Jirachi|Iron Head|p2a: Calyrex
|-supereffective|p2a: Calyrex
|-damage|p2a: Calyrex|54\/100
|-enditem|p2a: Calyrex|Weakness Policy
|-boost|p2a: Calyrex|atk|2|[from] item: Weakness Policy
|-boost|p2a: Calyrex|spa|2|[from] item: Weakness Policy
|cant|p2a: Calyrex|flinch
|
|-heal|p1a: Jirachi|89\/100|[from] item: Leftovers
|upkeep
|turn|15
|
|t:|1713403852
|move|p1a: Jirachi|Iron Head|p2a: Calyrex
|-supereffective|p2a: Calyrex
|-damage|p2a: Calyrex|10\/100
|move|p2a: Calyrex|Glacial Lance|p1a: Jirachi
|-resisted|p1a: Jirachi
|-damage|p1a: Jirachi|42\/100
|
|-heal|p1a: Jirachi|48\/100|[from] item: Leftovers
|upkeep
|turn|16
|
|t:|1713403852
|move|p1a: Jirachi|Iron Head|p2a: Calyrex
|-supereffective|p2a: Calyrex
|-damage|p2a: Calyrex|0 fnt
|faint|p2a: Calyrex
|
|-heal|p1a: Jirachi|54\/100|[from] item: Leftovers
|upkeep
|
|t:|1713403852
|switch|p2a: Pelipper|Pelipper, L86, M|100\/100
|-weather|RainDance|[from] ability: Drizzle|[of] p2a: Pelipper
|turn|17
|
|t:|1713403852
|move|p1a: Jirachi|Iron Head|p2a: Pelipper
|-resisted|p2a: Pelipper
|-damage|p2a: Pelipper|85\/100
|cant|p2a: Pelipper|flinch
|
|-weather|RainDance|[upkeep]
|-heal|p1a: Jirachi|60\/100|[from] item: Leftovers
|upkeep
|turn|18
|
|t:|1713403852
|move|p1a: Jirachi|Iron Head|p2a: Pelipper
|-resisted|p2a: Pelipper
|-damage|p2a: Pelipper|71\/100
|cant|p2a: Pelipper|flinch
|
|-weather|RainDance|[upkeep]
|-heal|p1a: Jirachi|66\/100|[from] item: Leftovers
|upkeep
|turn|19
|
|t:|1713403852
|move|p1a: Jirachi|Iron Head|p2a: Pelipper
|-resisted|p2a: Pelipper
|-damage|p2a: Pelipper|57\/100
|cant|p2a: Pelipper|flinch
|
|-weather|RainDance|[upkeep]
|-heal|p1a: Jirachi|73\/100|[from] item: Leftovers
|upkeep
|turn|20
|
|t:|1713403852
|move|p1a: Jirachi|Iron Head|p2a: Pelipper
|-resisted|p2a: Pelipper
|-damage|p2a: Pelipper|43\/100
|move|p2a: Pelipper|Hurricane|p1a: Jirachi
|-resisted|p1a: Jirachi
|-damage|p1a: Jirachi|45\/100
|
|-weather|RainDance|[upkeep]
|-heal|p1a: Jirachi|51\/100|[from] item: Leftovers
|upkeep
|turn|21
|
|t:|1713403852
|move|p1a: Jirachi|Iron Head|p2a: Pelipper
|-resisted|p2a: Pelipper
|-damage|p2a: Pelipper|28\/100
|cant|p2a: Pelipper|flinch
|
|-weather|none
|-heal|p1a: Jirachi|58\/100|[from] item: Leftovers
|upkeep
|turn|22
|
|t:|1713403852
|move|p1a: Jirachi|Iron Head|p2a: Pelipper
|-resisted|p2a: Pelipper
|-damage|p2a: Pelipper|12\/100
|cant|p2a: Pelipper|flinch
|
|-heal|p1a: Jirachi|64\/100|[from] item: Leftovers
|upkeep
|turn|23
|
|t:|1713403852
|move|p1a: Jirachi|Iron Head|p2a: Pelipper
|-resisted|p2a: Pelipper
|-damage|p2a: Pelipper|0 fnt
|faint|p2a: Pelipper
|
|-heal|p1a: Jirachi|70\/100|[from] item: Leftovers
|upkeep
|
|t:|1713403852
|switch|p2a: Swampert|Swampert, L83, M|100\/100
|turn|24
|
|t:|1713403852
|move|p1a: Jirachi|Iron Head|p2a: Swampert
|-resisted|p2a: Swampert
|-damage|p2a: Swampert|89\/100
|cant|p2a: Swampert|flinch
|
|-heal|p1a: Jirachi|76\/100|[from] item: Leftovers
|-heal|p2a: Swampert|95\/100|[from] item: Leftovers
|upkeep
|turn|25
|
|t:|1713403852
|move|p1a: Jirachi|Iron Head|p2a: Swampert
|-resisted|p2a: Swampert
|-damage|p2a: Swampert|80\/100
|cant|p2a: Swampert|flinch
|
|-heal|p1a: Jirachi|82\/100|[from] item: Leftovers
|-heal|p2a: Swampert|86\/100|[from] item: Leftovers
|upkeep
|turn|26
|
|t:|1713403852
|move|p1a: Jirachi|Iron Head|p2a: Swampert
|-resisted|p2a: Swampert
|-damage|p2a: Swampert|74\/100
|cant|p2a: Swampert|flinch
|
|-heal|p1a: Jirachi|88\/100|[from] item: Leftovers
|-heal|p2a: Swampert|80\/100|[from] item: Leftovers
|upkeep
|turn|27
|
|t:|1713403852
|move|p1a: Jirachi|Iron Head|p2a: Swampert
|-resisted|p2a: Swampert
|-damage|p2a: Swampert|68\/100
|move|p2a: Swampert|Earthquake|p1a: Jirachi
|-supereffective|p1a: Jirachi
|-damage|p1a: Jirachi|9\/100
|
|-heal|p1a: Jirachi|16\/100|[from] item: Leftovers
|-heal|p2a: Swampert|74\/100|[from] item: Leftovers
|upkeep
|turn|28
|
|t:|1713403852
|move|p1a: Jirachi|Iron Head|p2a: Swampert
|-resisted|p2a: Swampert
|-damage|p2a: Swampert|61\/100
|move|p2a: Swampert|Earthquake|p1a: Jirachi
|-supereffective|p1a: Jirachi
|-damage|p1a: Jirachi|0 fnt
|faint|p1a: Jirachi
|
|-heal|p2a: Swampert|67\/100|[from] item: Leftovers
|upkeep
|
|t:|1713403852
|switch|p1a: Brute Bonnet|Brute Bonnet, L81|100\/100
|turn|29
|
|t:|1713403852
|move|p2a: Swampert|Earthquake|p1a: Brute Bonnet
|-resisted|p1a: Brute Bonnet
|-damage|p1a: Brute Bonnet|83\/100
|move|p1a: Brute Bonnet|Crunch|p2a: Swampert
|-damage|p2a: Swampert|19\/100
|
|-heal|p2a: Swampert|25\/100|[from] item: Leftovers
|upkeep
|turn|30
|
|t:|1713403852
|move|p2a: Swampert|Earthquake|p1a: Brute Bonnet
|-resisted|p1a: Brute Bonnet
|-damage|p1a: Brute Bonnet|67\/100
|move|p1a: Brute Bonnet|Crunch|p2a: Swampert
|-damage|p2a: Swampert|0 fnt
|faint|p2a: Swampert
|
|upkeep
|
|t:|1713403852
|switch|p2a: Misdreavus|Misdreavus, L90, M|100\/100
|turn|31
|
|t:|1713403852
|move|p2a: Misdreavus|Shadow Ball|p1a: Brute Bonnet
|-resisted|p1a: Brute Bonnet
|-damage|p1a: Brute Bonnet|54\/100
|move|p1a: Brute Bonnet|Crunch|p2a: Misdreavus
|-supereffective|p2a: Misdreavus
|-damage|p2a: Misdreavus|8\/100
|
|upkeep
|turn|32
|
|t:|1713403852
|move|p2a: Misdreavus|Shadow Ball|p1a: Brute Bonnet
|-resisted|p1a: Brute Bonnet
|-damage|p1a: Brute Bonnet|41\/100
|move|p1a: Brute Bonnet|Crunch|p2a: Misdreavus
|-supereffective|p2a: Misdreavus
|-damage|p2a: Misdreavus|0 fnt
|faint|p2a: Misdreavus
|
|win|SimpleRLPlayer 1
|l|☆MaxDamagePlayer 1
|player|p2|
|l|☆SimpleRLPlayer 1
|player|p1|
</script>
</div>
<div class="battle-log battle-log-inline"><div class="inner"><div class="battle-options"><div style="padding-top: 3px; padding-right: 3px; text-align: right"><button class="icon button" name="openBattleOptions" title="Options">Battle Options</button></div></div><div class="inner message-log"><div class="chat"><small>☆SimpleRLPlayer 1 and ☆MaxDamagePlayer 1 joined</small></div><div class=""><small>Format:</small> <br><strong>[Gen 9] Random Battle</strong></div><div class=""><small><em>Species Clause:</em> Limit one of each Pokémon</small></div><div class=""><small><em>HP Percentage Mod:</em> HP is shown in percentages</small></div><div class=""><small><em>Sleep Clause Mod:</em> Limit one foe put to sleep</small></div><div class=""><small><em>Illusion Level Mod:</em> Illusion disguises the Pokémon's true level</small></div><div class="spacer battle-history"><br></div><div class="battle-history">Battle started between SimpleRLPlayer 1 and MaxDamagePlayer 1!<br></div><div class="spacer battle-history"><br></div><div class="battle-history">Go! <strong>Tentacruel</strong>!<br></div><div class="spacer battle-history"><br></div><div class="battle-history">MaxDamagePlayer 1 sent out <strong>Landorus</strong>!<br></div><div class="spacer battle-history"><br></div><h2 class="battle-history">Turn 1</h2><div class="spacer battle-history"><br></div><div class="battle-history">Tentacruel used <strong>Dark Pulse</strong>!<br></div><div class="battle-history"><small>(The opposing Landorus lost 47% of its health!)</small><br></div><div class="spacer battle-history"><br></div><div class="battle-history">The opposing Landorus used <strong>Sludge Wave</strong>!<br></div><div class="battle-history"><small>(Tentacruel lost 58% of its health!)</small><br></div><div class="battle-history"><small>Zoroark's illusion wore off!</small><br></div><div class="battle-history"><small>(Illusion Level Mod is active, so this Pokémon's true level was hidden.)</small><br></div><div class="spacer battle-history"><br></div><h2 class="battle-history">Turn 2</h2><div class="spacer battle-history"><br></div><div class="battle-history"><small>Zoroark has Terastallized into the Poison-type!</small><br></div><div class="spacer battle-history"><br></div><div class="battle-history">Zoroark used <strong>Dark Pulse</strong>!<br></div><div class="battle-history"><small>A critical hit!</small><br></div><div class="battle-history"><small>(The opposing Landorus lost 53% of its health!)</small><br></div><div class="spacer battle-history"><br></div><div class="battle-history">The opposing Landorus fainted!<br></div><div class="spacer battle-history"><br></div><div class="battle-history">MaxDamagePlayer 1 sent out <strong>Flutter Mane</strong>!<br></div><div class="spacer battle-history"><br></div><h2 class="battle-history">Turn 3</h2><div class="spacer battle-history"><br></div><div class="battle-history">Zoroark, come back!<br></div><div class="battle-history">Go! <strong>Bronzong</strong>!<br></div><div class="spacer battle-history"><br></div><div class="battle-history">The opposing Flutter Mane used <strong>Moonblast</strong>!<br></div><div class="battle-history"><small>It's not very effective...</small><br></div><div class="battle-history"><small>(Bronzong lost 22% of its health!)</small><br></div><div class="spacer battle-history"><br></div><div class="battle-history"><small>Bronzong restored a little HP using its Leftovers!</small><br></div><div class="spacer battle-history"><br></div><h2 class="battle-history">Turn 4</h2><div class="spacer battle-history"><br></div><div class="battle-history">The opposing Flutter Mane used <strong>Moonblast</strong>!<br></div><div class="battle-history"><small>It's not very effective...</small><br></div><div class="battle-history"><small>A critical hit!</small><br></div><div class="battle-history"><small>(Bronzong lost 34% of its health!)</small><br></div><div class="spacer battle-history"><br></div><div class="battle-history">Bronzong used <strong>Iron Defense</strong>!<br></div><div class="battle-history"><small>Bronzong's Defense rose sharply!</small><br></div><div class="spacer battle-history"><br></div><div class="battle-history"><small>Bronzong restored a little HP using its Leftovers!</small><br></div><div class="spacer battle-history"><br></div><h2 class="battle-history">Turn 5</h2><div class="spacer battle-history"><br></div><div class="battle-history">The opposing Flutter Mane used <strong>Moonblast</strong>!<br></div><div class="battle-history"><small>It's not very effective...</small><br></div><div class="battle-history"><small>(Bronzong lost 21% of its health!)</small><br></div><div class="spacer battle-history"><br></div><div class="battle-history">Bronzong used <strong>Iron Defense</strong>!<br></div><div class="battle-history"><small>Bronzong's Defense rose sharply!</small><br></div><div class="spacer battle-history"><br></div><div class="battle-history"><small>Bronzong restored a little HP using its Leftovers!</small><br></div><div class="spacer battle-history"><br></div><h2 class="battle-history">Turn 6</h2><div class="spacer battle-history"><br></div><div class="battle-history">The opposing Flutter Mane used <strong>Moonblast</strong>!<br></div><div class="battle-history"><small>It's not very effective...</small><br></div><div class="battle-history"><small>(Bronzong lost 24% of its health!)</small><br></div><div class="battle-history"><small>Bronzong's Sp. Atk fell!</small><br></div><div class="spacer battle-history"><br></div><div class="battle-history">Bronzong used <strong>Iron Defense</strong>!<br></div><div class="battle-history"><small>Bronzong's Defense rose sharply!</small><br></div><div class="spacer battle-history"><br></div><div class="battle-history"><small>Bronzong restored a little HP using its Leftovers!</small><br></div><div class="spacer battle-history"><br></div><h2 class="battle-history">Turn 7</h2><div class="spacer battle-history"><br></div><div class="battle-history">The opposing Flutter Mane used <strong>Moonblast</strong>!<br></div><div class="battle-history"><small>It's not very effective...</small><br></div><div class="battle-history"><small>(Bronzong lost 21% of its health!)</small><br></div><div class="spacer battle-history"><br></div><div class="battle-history">Bronzong used <strong>Iron Defense</strong>!<br></div><div class="battle-history"><small>Bronzong's Defense won't go any higher!</small><br></div><div class="spacer battle-history"><br></div><div class="battle-history"><small>Bronzong restored a little HP using its Leftovers!</small><br></div><div class="spacer battle-history"><br></div><h2 class="battle-history">Turn 8</h2><div class="spacer battle-history"><br></div><div class="battle-history">The opposing Flutter Mane used <strong>Moonblast</strong>!<br></div><div class="battle-history"><small>It's not very effective...</small><br></div><div class="battle-history"><small>(Bronzong lost 8% of its health!)</small><br></div><div class="spacer battle-history"><br></div><div class="battle-history">Bronzong fainted!<br></div><div class="spacer battle-history"><br></div><div class="battle-history">Go! <strong>Tentacruel</strong>!<br></div><div class="spacer battle-history"><br></div><h2 class="battle-history">Turn 9</h2><div class="spacer battle-history"><br></div><div class="battle-history">Tentacruel used <strong>Dark Pulse</strong>!<br></div><div class="battle-history"><small>(The opposing Flutter Mane lost 39% of its health!)</small><br></div><div class="spacer battle-history"><br></div><div class="battle-history">The opposing Flutter Mane used <strong>Moonblast</strong>!<br></div><div class="battle-history"><small>It's not very effective...</small><br></div><div class="battle-history"><small>(Tentacruel lost 40% of its health!)</small><br></div><div class="battle-history"><small>Zoroark's illusion wore off!</small><br></div><div class="spacer battle-history"><br></div><h2 class="battle-history">Turn 10</h2><div class="spacer battle-history"><br></div><div class="battle-history">Zoroark, come back!<br></div><div class="battle-history">Go! <strong>Palafin</strong>!<br></div><div class="spacer battle-history"><br></div><div class="battle-history">The opposing Flutter Mane used <strong>Moonblast</strong>!<br></div><div class="battle-history"><small>(Palafin lost 72% of its health!)</small><br></div><div class="spacer battle-history"><br></div><h2 class="battle-history">Turn 11</h2><div class="spacer battle-history"><br></div><div class="battle-history">The opposing Flutter Mane used <strong>Moonblast</strong>!<br></div><div class="battle-history"><small>(Palafin lost 28% of its health!)</small><br></div><div class="spacer battle-history"><br></div><div class="battle-history">Palafin fainted!<br></div><div class="spacer battle-history"><br></div><div class="battle-history">Go! <strong>Tentacruel</strong>!<br></div><div class="spacer battle-history"><br></div><h2 class="battle-history">Turn 12</h2><div class="spacer battle-history"><br></div><div class="battle-history">Tentacruel used <strong>Dark Pulse</strong>!<br></div><div class="battle-history"><small>(The opposing Flutter Mane lost 42% of its health!)</small><br></div><div class="spacer battle-history"><br></div><div class="battle-history">The opposing Flutter Mane used <strong>Moonblast</strong>!<br></div><div class="battle-history"><small>It's not very effective...</small><br></div><div class="battle-history"><small>(Tentacruel lost 2% of its health!)</small><br></div><div class="battle-history"><small>Zoroark's illusion wore off!</small><br></div><div class="spacer battle-history"><br></div><div class="battle-history">Zoroark fainted!<br></div><div class="spacer battle-history"><br></div><div class="battle-history">Go! <strong>Jirachi</strong>!<br></div><div class="spacer battle-history"><br></div><h2 class="battle-history">Turn 13</h2><div class="spacer battle-history"><br></div><div class="battle-history">The opposing Flutter Mane used <strong>Moonblast</strong>!<br></div><div class="battle-history"><small>It's not very effective...</small><br></div><div class="battle-history"><small>(Jirachi lost 24% of its health!)</small><br></div><div class="spacer battle-history"><br></div><div class="battle-history">Jirachi used <strong>Iron Head</strong>!<br></div><div class="battle-history"><small>It's super effective!</small><br></div><div class="battle-history"><small>(The opposing Flutter Mane lost 19% of its health!)</small><br></div><div class="spacer battle-history"><br></div><div class="battle-history">The opposing Flutter Mane fainted!<br></div><div class="spacer battle-history"><br></div><div class="battle-history"><small>Jirachi restored a little HP using its Leftovers!</small><br></div><div class="spacer battle-history"><br></div><div class="battle-history">MaxDamagePlayer 1 sent out Calyrex (<strong>Calyrex-Ice</strong>)!<br></div><div class="battle-history">[The opposing Calyrex's As One]<br><small>The opposing Calyrex has two Abilities!</small><br></div><div class="battle-history">[The opposing Calyrex's Unnerve]<br><small>Your team is too nervous to eat Berries!</small><br></div><div class="spacer battle-history"><br></div><h2 class="battle-history">Turn 14</h2><div class="spacer battle-history"><br></div><div class="battle-history">Jirachi used <strong>Iron Head</strong>!<br></div><div class="battle-history"><small>It's super effective!</small><br></div><div class="battle-history"><small>(The opposing Calyrex lost 46% of its health!)</small><br></div><div class="battle-history"><small>(The opposing Calyrex used its Weakness Policy!)</small><br></div><div class="battle-history"><small>The Weakness Policy sharply raised the opposing Calyrex's Attack!</small><br></div><div class="battle-history"><small>The Weakness Policy sharply raised the opposing Calyrex's Sp. Atk!</small><br></div><div class="spacer battle-history"><br></div><div class="battle-history">The opposing Calyrex flinched and couldn't move!<br></div><div class="spacer battle-history"><br></div><div class="battle-history"><small>Jirachi restored a little HP using its Leftovers!</small><br></div><div class="spacer battle-history"><br></div><h2 class="battle-history">Turn 15</h2><div class="spacer battle-history"><br></div><div class="battle-history">Jirachi used <strong>Iron Head</strong>!<br></div><div class="battle-history"><small>It's super effective!</small><br></div><div class="battle-history"><small>(The opposing Calyrex lost 44% of its health!)</small><br></div><div class="spacer battle-history"><br></div><div class="battle-history">The opposing Calyrex used <strong>Glacial Lance</strong>!<br></div><div class="battle-history"><small>It's not very effective...</small><br></div><div class="battle-history"><small>(Jirachi lost 47% of its health!)</small><br></div><div class="spacer battle-history"><br></div><div class="battle-history"><small>Jirachi restored a little HP using its Leftovers!</small><br></div><div class="spacer battle-history"><br></div><h2 class="battle-history">Turn 16</h2><div class="spacer battle-history"><br></div><div class="battle-history">Jirachi used <strong>Iron Head</strong>!<br></div><div class="battle-history"><small>It's super effective!</small><br></div><div class="battle-history"><small>(The opposing Calyrex lost 10% of its health!)</small><br></div><div class="spacer battle-history"><br></div><div class="battle-history">The opposing Calyrex fainted!<br></div><div class="spacer battle-history"><br></div><div class="battle-history"><small>Jirachi restored a little HP using its Leftovers!</small><br></div><div class="spacer battle-history"><br></div><div class="battle-history">MaxDamagePlayer 1 sent out <strong>Pelipper</strong>!<br></div><div class="battle-history">[The opposing Pelipper's Drizzle]<br><small>It started to rain!</small><br></div><div class="spacer battle-history"><br></div><h2 class="battle-history">Turn 17</h2><div class="spacer battle-history"><br></div><div class="battle-history">Jirachi used <strong>Iron Head</strong>!<br></div><div class="battle-history"><small>It's not very effective...</small><br></div><div class="battle-history"><small>(The opposing Pelipper lost 15% of its health!)</small><br></div><div class="spacer battle-history"><br></div><div class="battle-history">The opposing Pelipper flinched and couldn't move!<br></div><div class="spacer battle-history"><br></div><div class="battle-history"><small>(Rain continues to fall.)</small><br></div><div class="battle-history"><small>Jirachi restored a little HP using its Leftovers!</small><br></div><div class="spacer battle-history"><br></div><h2 class="battle-history">Turn 18</h2><div class="spacer battle-history"><br></div><div class="battle-history">Jirachi used <strong>Iron Head</strong>!<br></div><div class="battle-history"><small>It's not very effective...</small><br></div><div class="battle-history"><small>(The opposing Pelipper lost 14% of its health!)</small><br></div><div class="spacer battle-history"><br></div><div class="battle-history">The opposing Pelipper flinched and couldn't move!<br></div><div class="spacer battle-history"><br></div><div class="battle-history"><small>(Rain continues to fall.)</small><br></div><div class="battle-history"><small>Jirachi restored a little HP using its Leftovers!</small><br></div><div class="spacer battle-history"><br></div><h2 class="battle-history">Turn 19</h2><div class="spacer battle-history"><br></div><div class="battle-history">Jirachi used <strong>Iron Head</strong>!<br></div><div class="battle-history"><small>It's not very effective...</small><br></div><div class="battle-history"><small>(The opposing Pelipper lost 14% of its health!)</small><br></div><div class="spacer battle-history"><br></div><div class="battle-history">The opposing Pelipper flinched and couldn't move!<br></div><div class="spacer battle-history"><br></div><div class="battle-history"><small>(Rain continues to fall.)</small><br></div><div class="battle-history"><small>Jirachi restored a little HP using its Leftovers!</small><br></div><div class="spacer battle-history"><br></div><h2 class="battle-history">Turn 20</h2><div class="spacer battle-history"><br></div><div class="battle-history">Jirachi used <strong>Iron Head</strong>!<br></div><div class="battle-history"><small>It's not very effective...</small><br></div><div class="battle-history"><small>(The opposing Pelipper lost 14% of its health!)</small><br></div><div class="spacer battle-history"><br></div><div class="battle-history">The opposing Pelipper used <strong>Hurricane</strong>!<br></div><div class="battle-history"><small>It's not very effective...</small><br></div><div class="battle-history"><small>(Jirachi lost 28% of its health!)</small><br></div><div class="spacer battle-history"><br></div><div class="battle-history"><small>(Rain continues to fall.)</small><br></div><div class="battle-history"><small>Jirachi restored a little HP using its Leftovers!</small><br></div><div class="spacer battle-history"><br></div><h2 class="battle-history">Turn 21</h2><div class="spacer battle-history"><br></div><div class="battle-history">Jirachi used <strong>Iron Head</strong>!<br></div><div class="battle-history"><small>It's not very effective...</small><br></div><div class="battle-history"><small>(The opposing Pelipper lost 15% of its health!)</small><br></div><div class="spacer battle-history"><br></div><div class="battle-history">The opposing Pelipper flinched and couldn't move!<br></div><div class="spacer battle-history"><br></div><div class="battle-history"><small>The rain stopped.</small><br></div><div class="battle-history"><small>Jirachi restored a little HP using its Leftovers!</small><br></div><div class="spacer battle-history"><br></div><h2 class="battle-history">Turn 22</h2><div class="spacer battle-history"><br></div><div class="battle-history">Jirachi used <strong>Iron Head</strong>!<br></div><div class="battle-history"><small>It's not very effective...</small><br></div><div class="battle-history"><small>(The opposing Pelipper lost 16% of its health!)</small><br></div><div class="spacer battle-history"><br></div><div class="battle-history">The opposing Pelipper flinched and couldn't move!<br></div><div class="spacer battle-history"><br></div><div class="battle-history"><small>Jirachi restored a little HP using its Leftovers!</small><br></div><div class="spacer battle-history"><br></div><h2 class="battle-history">Turn 23</h2><div class="spacer battle-history"><br></div><div class="battle-history">Jirachi used <strong>Iron Head</strong>!<br></div><div class="battle-history"><small>It's not very effective...</small><br></div><div class="battle-history"><small>(The opposing Pelipper lost 12% of its health!)</small><br></div><div class="spacer battle-history"><br></div><div class="battle-history">The opposing Pelipper fainted!<br></div><div class="spacer battle-history"><br></div><div class="battle-history"><small>Jirachi restored a little HP using its Leftovers!</small><br></div><div class="spacer battle-history"><br></div><div class="battle-history">MaxDamagePlayer 1 sent out <strong>Swampert</strong>!<br></div><div class="spacer battle-history"><br></div><h2 class="battle-history">Turn 24</h2><div class="spacer battle-history"><br></div><div class="battle-history">Jirachi used <strong>Iron Head</strong>!<br></div><div class="battle-history"><small>It's not very effective...</small><br></div><div class="battle-history"><small>(The opposing Swampert lost 11% of its health!)</small><br></div><div class="spacer battle-history"><br></div><div class="battle-history">The opposing Swampert flinched and couldn't move!<br></div><div class="spacer battle-history"><br></div><div class="battle-history"><small>Jirachi restored a little HP using its Leftovers!</small><br></div><div class="battle-history"><small>The opposing Swampert restored a little HP using its Leftovers!</small><br></div><div class="spacer battle-history"><br></div><h2 class="battle-history">Turn 25</h2><div class="spacer battle-history"><br></div><div class="battle-history">Jirachi used <strong>Iron Head</strong>!<br></div><div class="battle-history"><small>It's not very effective...</small><br></div><div class="battle-history"><small>(The opposing Swampert lost 15% of its health!)</small><br></div><div class="spacer battle-history"><br></div><div class="battle-history">The opposing Swampert flinched and couldn't move!<br></div><div class="spacer battle-history"><br></div><div class="battle-history"><small>Jirachi restored a little HP using its Leftovers!</small><br></div><div class="battle-history"><small>The opposing Swampert restored a little HP using its Leftovers!</small><br></div><div class="spacer battle-history"><br></div><h2 class="battle-history">Turn 26</h2><div class="spacer battle-history"><br></div><div class="battle-history">Jirachi used <strong>Iron Head</strong>!<br></div><div class="battle-history"><small>It's not very effective...</small><br></div><div class="battle-history"><small>(The opposing Swampert lost 12% of its health!)</small><br></div><div class="spacer battle-history"><br></div><div class="battle-history">The opposing Swampert flinched and couldn't move!<br></div><div class="spacer battle-history"><br></div><div class="battle-history"><small>Jirachi restored a little HP using its Leftovers!</small><br></div><div class="battle-history"><small>The opposing Swampert restored a little HP using its Leftovers!</small><br></div><div class="spacer battle-history"><br></div><h2 class="battle-history">Turn 27</h2><div class="spacer battle-history"><br></div><div class="battle-history">Jirachi used <strong>Iron Head</strong>!<br></div><div class="battle-history"><small>It's not very effective...</small><br></div><div class="battle-history"><small>(The opposing Swampert lost 12% of its health!)</small><br></div><div class="spacer battle-history"><br></div><div class="battle-history">The opposing Swampert used <strong>Earthquake</strong>!<br></div><div class="battle-history"><small>It's super effective!</small><br></div><div class="battle-history"><small>(Jirachi lost 79% of its health!)</small><br></div><div class="spacer battle-history"><br></div><div class="battle-history"><small>Jirachi restored a little HP using its Leftovers!</small><br></div><div class="battle-history"><small>The opposing Swampert restored a little HP using its Leftovers!</small><br></div><div class="spacer battle-history"><br></div><h2 class="battle-history">Turn 28</h2><div class="spacer battle-history"><br></div><div class="battle-history">Jirachi used <strong>Iron Head</strong>!<br></div><div class="battle-history"><small>It's not very effective...</small><br></div><div class="battle-history"><small>(The opposing Swampert lost 13% of its health!)</small><br></div><div class="spacer battle-history"><br></div><div class="battle-history">The opposing Swampert used <strong>Earthquake</strong>!<br></div><div class="battle-history"><small>It's super effective!</small><br></div><div class="battle-history"><small>(Jirachi lost 16% of its health!)</small><br></div><div class="spacer battle-history"><br></div><div class="battle-history">Jirachi fainted!<br></div><div class="spacer battle-history"><br></div><div class="battle-history"><small>The opposing Swampert restored a little HP using its Leftovers!</small><br></div><div class="spacer battle-history"><br></div><div class="battle-history">Go! <strong>Brute Bonnet</strong>!<br></div><div class="spacer battle-history"><br></div><h2 class="battle-history">Turn 29</h2><div class="spacer battle-history"><br></div><div class="battle-history">The opposing Swampert used <strong>Earthquake</strong>!<br></div><div class="battle-history"><small>It's not very effective...</small><br></div><div class="battle-history"><small>(Brute Bonnet lost 17% of its health!)</small><br></div><div class="spacer battle-history"><br></div><div class="battle-history">Brute Bonnet used <strong>Crunch</strong>!<br></div><div class="battle-history"><small>(The opposing Swampert lost 48% of its health!)</small><br></div><div class="spacer battle-history"><br></div><div class="battle-history"><small>The opposing Swampert restored a little HP using its Leftovers!</small><br></div><div class="spacer battle-history"><br></div><h2 class="battle-history">Turn 30</h2><div class="spacer battle-history"><br></div><div class="battle-history">The opposing Swampert used <strong>Earthquake</strong>!<br></div><div class="battle-history"><small>It's not very effective...</small><br></div><div class="battle-history"><small>(Brute Bonnet lost 16% of its health!)</small><br></div><div class="spacer battle-history"><br></div><div class="battle-history">Brute Bonnet used <strong>Crunch</strong>!<br></div><div class="battle-history"><small>(The opposing Swampert lost 25% of its health!)</small><br></div><div class="spacer battle-history"><br></div><div class="battle-history">The opposing Swampert fainted!<br></div><div class="spacer battle-history"><br></div><div class="battle-history">MaxDamagePlayer 1 sent out <strong>Misdreavus</strong>!<br></div><div class="spacer battle-history"><br></div><h2 class="battle-history">Turn 31</h2><div class="spacer battle-history"><br></div><div class="battle-history">The opposing Misdreavus used <strong>Shadow Ball</strong>!<br></div><div class="battle-history"><small>It's not very effective...</small><br></div><div class="battle-history"><small>(Brute Bonnet lost 13% of its health!)</small><br></div><div class="spacer battle-history"><br></div><div class="battle-history">Brute Bonnet used <strong>Crunch</strong>!<br></div><div class="battle-history"><small>It's super effective!</small><br></div><div class="battle-history"><small>(The opposing Misdreavus lost 92% of its health!)</small><br></div><div class="spacer battle-history"><br></div><h2 class="battle-history">Turn 32</h2><div class="spacer battle-history"><br></div><div class="battle-history">The opposing Misdreavus used <strong>Shadow Ball</strong>!<br></div><div class="battle-history"><small>It's not very effective...</small><br></div><div class="battle-history"><small>(Brute Bonnet lost 13% of its health!)</small><br></div><div class="spacer battle-history"><br></div><div class="battle-history">Brute Bonnet used <strong>Crunch</strong>!<br></div><div class="battle-history"><small>It's super effective!</small><br></div><div class="battle-history"><small>(The opposing Misdreavus lost 8% of its health!)</small><br></div><div class="spacer battle-history"><br></div><div class="battle-history">The opposing Misdreavus fainted!<br></div><div class="spacer battle-history"><br></div><div class="battle-history"><strong>SimpleRLPlayer 1</strong> won the battle!<br></div><div class="chat"><small>☆MaxDamagePlayer 1 left</small></div><div class="chat"><small>☆SimpleRLPlayer 1 left</small></div></div><div class="inner-preempt message-log"></div></div></div>
</div>
<script>
let daily = Math.floor(Date.now()/1000/60/60/24);document.write('<script src="https://play.pokemonshowdown.com/js/replay-embed.js?version'+daily+'"></'+'script>');
</script>
